;ask;ask_size;bid;bid_size;price;quantity;time
0;64.6;35319;64.55;7400;64.65;10;2013-08-06 07:00:41.001000
1;64.6;35319;64.55;7400;64.65;203;2013-08-06 07:00:41.001000
2;64.6;35319;64.55;7400;64.65;150;2013-08-06 07:00:41.001000
3;64.6;35319;64.55;7400;64.65;18;2013-08-06 07:00:41.001000
4;64.6;35319;64.55;7400;64.65;20;2013-08-06 07:00:41.001000
5;64.6;35319;64.55;7400;64.65;90;2013-08-06 07:00:41.001000
6;64.6;35319;64.55;7400;64.65;19;2013-08-06 07:00:41.001000
7;64.6;35319;64.55;7400;64.65;420;2013-08-06 07:00:41.001000
8;64.6;35319;64.55;7400;64.65;500;2013-08-06 07:00:41.001000
9;64.6;35319;64.55;7400;64.65;300;2013-08-06 07:00:41.001000
10;64.6;35319;64.55;7400;64.65;6;2013-08-06 07:00:41.001000
11;64.6;35319;64.55;7400;64.65;170;2013-08-06 07:00:41.001000
12;64.6;35319;64.55;7400;64.65;78;2013-08-06 07:00:41.001000
13;64.6;35319;64.55;7400;64.65;127;2013-08-06 07:00:41.001000
14;64.6;35319;64.55;7400;64.65;355;2013-08-06 07:00:41.001000
15;64.6;35319;64.55;7400;64.65;230;2013-08-06 07:00:41.001000
16;64.6;35319;64.55;7400;64.65;53;2013-08-06 07:00:41.001000
17;64.6;35319;64.55;7400;64.65;600;2013-08-06 07:00:41.001000
18;64.6;35319;64.55;7400;64.65;747;2013-08-06 07:00:41.001000
19;64.6;35319;64.55;7400;64.65;150;2013-08-06 07:00:41.001000
20;64.6;35319;64.55;7400;64.65;800;2013-08-06 07:00:41.001000
21;64.6;35319;64.55;7400;64.65;950;2013-08-06 07:00:41.001000
22;64.6;35319;64.55;7400;64.65;240;2013-08-06 07:00:41.001000
23;64.6;35319;64.55;7400;64.65;230;2013-08-06 07:00:41.001000
24;64.6;35319;64.55;7400;64.65;3220;2013-08-06 07:00:41.001000
25;64.6;35319;64.55;7400;64.65;400;2013-08-06 07:00:41.001000
26;64.6;35319;64.55;7400;64.65;255;2013-08-06 07:00:41.001000
27;64.6;35319;64.55;7400;64.65;428;2013-08-06 07:00:41.001000
28;64.6;35319;64.55;7400;64.65;1124;2013-08-06 07:00:41.001000
29;64.6;35319;64.55;7400;64.65;494;2013-08-06 07:00:41.001000
30;64.6;35319;64.55;7400;64.65;70;2013-08-06 07:00:41.001000
31;64.6;35319;64.55;7400;64.65;325;2013-08-06 07:00:41.001000
32;64.6;35319;64.55;7400;64.65;924;2013-08-06 07:00:41.001000
33;64.6;35319;64.55;7400;64.65;576;2013-08-06 07:00:41.001000
34;64.6;35319;64.55;7400;64.65;216;2013-08-06 07:00:41.001000
35;64.6;35319;64.55;7400;64.65;8;2013-08-06 07:00:41.001000
36;64.6;35319;64.55;7400;64.65;212;2013-08-06 07:00:41.001000
37;64.6;35319;64.55;7400;64.65;168;2013-08-06 07:00:41.001000
38;64.6;35319;64.55;7400;64.65;885;2013-08-06 07:00:41.001000
39;64.6;35319;64.55;7400;64.65;37;2013-08-06 07:00:41.001000
40;64.6;35319;64.55;7400;64.65;978;2013-08-06 07:00:41.001000
41;64.6;35319;64.55;7400;64.65;119;2013-08-06 07:00:41.001000
42;64.6;35319;64.55;7400;64.65;131;2013-08-06 07:00:41.001000
43;64.6;35319;64.55;7400;64.65;500;2013-08-06 07:00:41.001000
44;64.6;35319;64.55;7400;64.65;10;2013-08-06 07:00:41.001000
45;64.6;35319;64.55;7400;64.65;5;2013-08-06 07:00:41.001000
46;64.6;35319;64.55;7400;64.65;24;2013-08-06 07:00:41.001000
47;64.6;35319;64.55;7400;64.65;100;2013-08-06 07:00:41.001000
48;64.6;35319;64.55;7400;64.65;281;2013-08-06 07:00:41.001000
49;64.6;35319;64.55;7400;64.65;1106;2013-08-06 07:00:41.001000
50;64.6;35319;64.55;7400;64.65;110;2013-08-06 07:00:41.001000
51;64.6;35319;64.55;7400;64.65;400;2013-08-06 07:00:41.001000
52;64.6;35319;64.55;7400;64.65;82;2013-08-06 07:00:41.001000
53;64.6;35319;64.55;7400;64.65;375;2013-08-06 07:00:41.001000
54;64.6;35319;64.55;7400;64.65;535;2013-08-06 07:00:41.001000
55;64.6;35319;64.55;7400;64.65;200;2013-08-06 07:00:41.001000
56;64.6;35319;64.55;7400;64.65;77;2013-08-06 07:00:41.001000
57;64.6;35319;64.55;7400;64.65;1250;2013-08-06 07:00:41.001000
58;64.6;35319;64.55;7400;64.65;256;2013-08-06 07:00:41.001000
59;64.6;35319;64.55;7400;64.65;500;2013-08-06 07:00:41.001000
60;64.6;35319;64.55;7400;64.65;500;2013-08-06 07:00:41.001000
61;64.6;35319;64.55;7400;64.65;11;2013-08-06 07:00:41.001000
62;64.6;35319;64.55;7400;64.65;5000;2013-08-06 07:00:41.001000
63;64.6;35319;64.55;7400;64.65;233;2013-08-06 07:00:41.001000
64;64.6;35319;64.55;7400;64.65;943;2013-08-06 07:00:41.001000
65;64.6;35319;64.55;7400;64.65;209;2013-08-06 07:00:41.001000
66;64.6;35319;64.55;7400;64.65;550;2013-08-06 07:00:41.001000
67;64.6;35319;64.55;7400;64.65;55;2013-08-06 07:00:41.001000
68;64.6;35319;64.55;7400;64.65;2643;2013-08-06 07:00:41.001000
69;64.6;35319;64.55;7400;64.65;500;2013-08-06 07:00:41.001000
70;64.6;35319;64.55;7400;64.65;959;2013-08-06 07:00:41.001000
71;64.6;35319;64.55;7400;64.65;1321;2013-08-06 07:00:41.001000
72;64.6;35319;64.55;7400;64.65;39;2013-08-06 07:00:41.001000
73;64.6;35319;64.55;7400;64.65;600;2013-08-06 07:00:41.001000
74;64.6;35319;64.55;7400;64.65;1000;2013-08-06 07:00:41.001000
75;64.6;35319;64.55;7400;64.65;1494;2013-08-06 07:00:41.001000
76;64.6;35319;64.55;7400;64.65;1493;2013-08-06 07:00:41.001000
77;64.6;35319;64.55;7400;64.65;981;2013-08-06 07:00:41.001000
78;64.6;35319;64.55;7400;64.65;74;2013-08-06 07:00:41.001000
79;64.6;35319;64.55;7400;64.65;980;2013-08-06 07:00:41.001000
80;64.6;35319;64.55;7400;64.65;32;2013-08-06 07:00:41.001000
81;64.6;35319;64.55;7400;64.65;2;2013-08-06 07:00:41.001000
82;64.6;35319;64.55;7400;64.65;350;2013-08-06 07:00:41.001000
83;64.6;35319;64.55;7400;64.65;751;2013-08-06 07:00:41.001000
84;64.6;35319;64.55;7400;64.65;394;2013-08-06 07:00:41.001000
85;64.6;35319;64.55;7400;64.65;30;2013-08-06 07:00:41.001000
86;64.6;35319;64.55;7400;64.65;150;2013-08-06 07:00:41.001000
87;64.6;35319;64.55;7400;64.65;928;2013-08-06 07:00:41.001000
88;64.6;35319;64.55;7400;64.65;70;2013-08-06 07:00:41.001000
89;64.6;35319;64.55;7400;64.65;223;2013-08-06 07:00:41.001000
90;64.6;35319;64.55;7400;64.65;2354;2013-08-06 07:00:41.001000
91;64.6;35319;64.55;7400;64.65;25000;2013-08-06 07:00:41.001000
92;64.6;35319;64.55;7400;64.65;3000;2013-08-06 07:00:41.001000
93;64.6;35319;64.55;7400;64.65;400;2013-08-06 07:00:41.001000
94;64.6;35319;64.55;7400;64.65;1322;2013-08-06 07:00:41.001000
95;64.6;35319;64.55;7400;64.65;2500;2013-08-06 07:00:41.001000
96;64.6;35319;64.55;7400;64.65;15201;2013-08-06 07:00:41.001000
97;64.6;35319;64.55;7400;64.65;1296;2013-08-06 07:00:41.001000
98;64.65;8503;64.6;3000;64.60000000000001;176;2013-08-06 07:00:41.393000
99;64.65;8979;64.6;12000;64.65;3399;2013-08-06 07:00:44.805000
100;64.65;8979;64.6;12000;64.65;570;2013-08-06 07:00:44.806000
101;64.65;5010;64.6;12000;64.65;4534;2013-08-06 07:00:44.837000
102;64.65;5010;64.6;12000;64.65;110;2013-08-06 07:00:44.837000
103;64.65;5010;64.6;12000;64.65;3;2013-08-06 07:00:44.837000
104;64.65;5010;64.6;12000;64.65;131;2013-08-06 07:00:44.837000
105;64.65;232;64.6;11999;64.65;1;2013-08-06 07:00:44.925000
106;64.65;231;64.6;11999;64.60000000000001;1000;2013-08-06 07:00:44.971000
107;64.65;231;64.6;10999;64.65;231;2013-08-06 07:00:45.810000
108;64.7;31773;64.6;10999;64.7;990;2013-08-06 07:00:53.244000
109;64.7;31773;64.6;10999;64.7;100;2013-08-06 07:00:53.244000
110;64.7;31773;64.6;10999;64.7;350;2013-08-06 07:00:53.244000
111;64.7;30333;64.6;10999;64.7;234;2013-08-06 07:00:57.306000
112;64.7;30099;64.6;10999;64.7;161;2013-08-06 07:00:57.805000
113;64.7;29938;64.6;10999;64.7;217;2013-08-06 07:01:00.910000
114;64.7;29721;64.6;10999;64.7;103;2013-08-06 07:01:06.078000
115;64.7;29618;64.6;10999;64.7;716;2013-08-06 07:01:11.446000
116;64.7;28719;64.65;9462;64.7;456;2013-08-06 07:01:13.424000
117;64.7;28263;64.65;9462;64.65;2000;2013-08-06 07:01:13.604000
118;64.7;28263;64.65;9462;64.65;7462;2013-08-06 07:01:13.604000
119;64.7;28263;64.65;9462;64.65;4816;2013-08-06 07:01:13.604000
120;64.7;28263;64.65;9462;64.65;1141;2013-08-06 07:01:13.605000
121;64.7;28263;64.65;9462;64.65;570;2013-08-06 07:01:13.605000
122;64.7;28263;64.65;9462;64.65;1797;2013-08-06 07:01:13.610000
123;64.7;28263;64.65;9462;64.65;5732;2013-08-06 07:01:13.610000
124;64.7;28263;64.65;9462;64.65;1482;2013-08-06 07:01:13.611000
125;64.7;28376;64.65;17178;64.7;763;2013-08-06 07:01:14.321000
126;64.7;28376;64.65;17178;64.7;86;2013-08-06 07:01:14.321000
127;64.7;27527;64.65;4378;64.7;409;2013-08-06 07:01:15.564000
128;64.7;27118;64.65;4008;64.7;451;2013-08-06 07:01:20.314000
129;64.7;26667;64.65;5798;64.7;549;2013-08-06 07:01:22.406000
130;64.7;26118;64.65;5798;64.7;636;2013-08-06 07:01:24.498000
131;64.7;25482;64.65;5798;64.7;369;2013-08-06 07:01:24.998000
132;64.7;25482;64.65;5798;64.7;384;2013-08-06 07:01:24.998000
133;64.7;24729;64.65;5798;64.7;11827;2013-08-06 07:01:25.750000
134;64.7;12902;64.65;5798;64.7;610;2013-08-06 07:01:25.811000
135;64.7;12292;64.65;5798;64.65;300;2013-08-06 07:01:26.112000
136;64.7;12292;64.65;5798;64.65;2815;2013-08-06 07:01:26.112000
137;64.7;12292;64.65;5798;64.65;628;2013-08-06 07:01:26.112000
138;64.7;12292;64.65;5798;64.65;265;2013-08-06 07:01:26.112000
139;64.7;12292;64.65;5798;64.65;790;2013-08-06 07:01:26.112000
140;64.7;12292;64.65;5798;64.65;1000;2013-08-06 07:01:26.112000
141;64.7;12292;64.65;5798;64.65;499;2013-08-06 07:01:26.113000
142;64.65;18703;64.6;7939;64.65;1061;2013-08-06 07:01:26.139000
143;64.65;17642;64.6;3965;64.65;923;2013-08-06 07:01:27.687000
144;64.65;16719;64.6;3327;64.65;604;2013-08-06 07:01:30.578000
145;64.65;16844;64.6;4297;64.65;479;2013-08-06 07:01:31.279000
146;64.65;15806;64.6;4143;64.65;287;2013-08-06 07:01:31.378000
147;64.65;15388;64.6;4143;64.65;123;2013-08-06 07:01:31.877000
148;64.65;15265;64.6;4143;64.65;619;2013-08-06 07:01:32.576000
149;64.65;14646;64.6;4143;64.65;5000;2013-08-06 07:01:32.627000
150;64.65;9646;64.6;4143;64.65;518;2013-08-06 07:01:32.975000
151;64.65;9128;64.6;4143;64.65;273;2013-08-06 07:01:33.374000
152;64.65;9128;64.6;4143;64.65;885;2013-08-06 07:01:33.376000
153;64.65;7970;64.6;4143;64.65;408;2013-08-06 07:01:34.172000
154;64.65;7562;64.6;4143;64.65;495;2013-08-06 07:01:34.272000
155;64.65;7067;64.6;4143;64.65;249;2013-08-06 07:01:34.970000
156;64.65;6818;64.6;4143;64.65;453;2013-08-06 07:01:38.164000
157;64.65;6365;64.6;4143;64.65;6326;2013-08-06 07:01:38.757000
158;64.65;6365;64.6;4143;64.65;39;2013-08-06 07:01:38.757000
159;64.7;12758;64.6;4143;64.7;297;2013-08-06 07:01:39.163000
160;64.7;19523;64.6;4143;64.60000000000001;400;2013-08-06 07:01:43.098000
161;64.7;19653;64.6;7899;64.65;178;2013-08-06 07:02:04.541000
162;64.65;356;64.6;7899;64.65;178;2013-08-06 07:02:04.652000
163;64.65;356;64.6;7899;64.65;178;2013-08-06 07:02:04.652000
164;64.7;19653;64.6;7899;64.65;321;2013-08-06 07:02:09.554000
165;64.65;321;64.6;7899;64.65;229;2013-08-06 07:02:09.617000
166;64.65;92;64.6;7899;64.65;92;2013-08-06 07:02:09.661000
167;64.65;25000;64.6;7899;64.65;22835;2013-08-06 07:02:10.381000
168;64.65;25000;64.6;7899;64.65;2165;2013-08-06 07:02:10.381000
169;64.7;19962;64.6;7899;64.60000000000001;1424;2013-08-06 07:02:26.895000
170;64.7;19962;64.6;7899;64.60000000000001;400;2013-08-06 07:02:26.895000
171;64.7;19962;64.6;7899;64.60000000000001;663;2013-08-06 07:02:26.895000
172;64.7;19962;64.6;7899;64.60000000000001;307;2013-08-06 07:02:26.895000
173;64.7;19962;64.6;7899;64.60000000000001;105;2013-08-06 07:02:26.895000
174;64.7;19962;64.6;7899;64.60000000000001;601;2013-08-06 07:02:26.895000
175;64.7;19962;64.6;4510;64.60000000000001;4399;2013-08-06 07:02:26.990000
176;64.7;19962;64.6;4510;64.60000000000001;111;2013-08-06 07:02:26.990000
177;64.65;25000;64.55;8683;64.65;2000;2013-08-06 07:02:29.325000
178;64.65;31617;64.55;9388;64.65;22473;2013-08-06 07:02:57.966000
179;64.65;1252;64.6;6961;64.65;527;2013-08-06 07:03:07.957000
180;64.65;1252;64.6;6961;64.65;336;2013-08-06 07:03:07.957000
181;64.65;167;64.6;6961;64.65;116;2013-08-06 07:03:08.026000
182;64.65;51;64.6;9599;64.65;51;2013-08-06 07:03:19.905000
183;64.7;20874;64.6;9599;64.7;741;2013-08-06 07:03:19.932000
184;64.7;11608;64.6;10135;64.65;176;2013-08-06 07:04:24.774000
185;64.7;11608;64.65;8049;64.7;466;2013-08-06 07:04:46.560000
186;64.7;11608;64.65;8049;64.7;3206;2013-08-06 07:04:46.560000
187;64.7;11608;64.65;8049;64.7;1502;2013-08-06 07:04:46.561000
188;64.7;11608;64.65;8049;64.7;4775;2013-08-06 07:04:46.575000
189;64.7;6434;64.65;8049;64.7;1192;2013-08-06 07:04:46.588000
190;64.7;6434;64.65;8049;64.7;100;2013-08-06 07:04:46.588000
191;64.7;6434;64.65;8049;64.7;36;2013-08-06 07:04:46.588000
192;64.7;6434;64.65;8049;64.7;331;2013-08-06 07:04:46.588000
193;64.7;1659;64.65;11134;64.7;100;2013-08-06 07:04:46.601000
194;64.75;4316;64.7;1724;64.7;26;2013-08-06 07:04:47.690000
195;64.75;1316;64.65;16513;64.75;457;2013-08-06 07:04:48.846000
196;64.75;1316;64.65;16513;64.75;12;2013-08-06 07:04:48.846000
197;64.75;28973;64.7;13392;64.75;358;2013-08-06 07:06:01.691000
198;64.75;28615;64.7;17422;64.75;642;2013-08-06 07:06:03.553000
199;64.75;28615;64.7;17422;64.75;25000;2013-08-06 07:06:03.553000
200;64.75;28615;64.7;17422;64.75;800;2013-08-06 07:06:03.553000
201;64.75;28615;64.7;17422;64.75;159;2013-08-06 07:06:03.553000
202;64.75;28615;64.7;17422;64.75;414;2013-08-06 07:06:03.553000
203;64.75;28615;64.7;17422;64.75;800;2013-08-06 07:06:03.553000
204;64.75;28615;64.7;17422;64.75;143;2013-08-06 07:06:03.553000
205;64.75;28615;64.7;17422;64.75;657;2013-08-06 07:06:03.553000
206;64.8;37691;64.75;3400;64.75;800;2013-08-06 07:06:03.606000
207;64.8;38491;64.75;1400;64.75;400;2013-08-06 07:06:03.620000
208;64.8;38491;64.75;1400;64.75;400;2013-08-06 07:06:03.620000
209;64.8;39491;64.7;20313;64.75;245;2013-08-06 07:06:03.632000
210;64.8;36019;64.75;22981;64.8;488;2013-08-06 07:06:15.296000
211;64.8;32531;64.75;22981;64.8;512;2013-08-06 07:06:36.853000
212;64.8;32531;64.75;22981;64.8;3000;2013-08-06 07:06:36.853000
213;64.8;32531;64.75;22981;64.8;10000;2013-08-06 07:06:36.853000
214;64.8;32531;64.75;22981;64.8;1578;2013-08-06 07:06:36.853000
215;64.8;14841;64.75;24604;64.8;3207;2013-08-06 07:06:36.875000
216;64.8;10095;64.75;24604;64.8;5927;2013-08-06 07:06:37.136000
217;64.8;10095;64.75;24604;64.8;400;2013-08-06 07:06:37.136000
218;64.8;4268;64.75;24463;64.8;500;2013-08-06 07:06:42.859000
219;64.8;3268;64.75;33897;64.8;570;2013-08-06 07:06:45.821000
220;64.8;3268;64.75;33897;64.8;560;2013-08-06 07:06:45.821000
221;64.8;2516;64.75;24466;64.8;463;2013-08-06 07:06:57.686000
222;64.8;2516;64.75;24466;64.8;330;2013-08-06 07:06:57.686000
223;64.8;2016;64.75;24466;64.8;470;2013-08-06 07:06:57.698000
224;64.8;2016;64.75;24466;64.8;347;2013-08-06 07:06:57.698000
225;64.8;2016;64.75;24466;64.8;385;2013-08-06 07:06:57.698000
226;64.8;2016;64.75;24466;64.8;21;2013-08-06 07:06:57.698000
227;64.8;1223;64.75;24678;64.8;164;2013-08-06 07:06:57.704000
228;64.85;18901;64.8;15585;64.8;800;2013-08-06 07:07:00.581000
229;64.85;18901;64.8;15585;64.8;800;2013-08-06 07:07:00.581000
230;64.85;18901;64.8;15585;64.8;39;2013-08-06 07:07:00.581000
231;64.85;18901;64.8;15585;64.8;8595;2013-08-06 07:07:00.581000
232;64.85;18901;64.8;15585;64.8;1500;2013-08-06 07:07:00.581000
233;64.85;18901;64.8;15585;64.8;1440;2013-08-06 07:07:00.581000
234;64.85;18901;64.8;15585;64.8;800;2013-08-06 07:07:00.581000
235;64.85;18901;64.8;15585;64.8;811;2013-08-06 07:07:00.581000
236;64.85;18901;64.8;15585;64.8;800;2013-08-06 07:07:00.581000
237;64.85;18901;64.8;15585;64.8;800;2013-08-06 07:07:00.582000
238;64.85;18901;64.8;15585;64.8;588;2013-08-06 07:07:00.582000
239;64.85;18901;64.8;15585;64.8;570;2013-08-06 07:07:00.583000
240;64.85;18901;64.8;15585;64.8;948;2013-08-06 07:07:00.583000
241;64.85;18901;64.8;15585;64.8;1509;2013-08-06 07:07:00.588000
242;64.85;18901;64.8;15585;64.8;1440;2013-08-06 07:07:00.588000
243;64.85;18901;64.8;15585;64.8;1466;2013-08-06 07:07:00.596000
244;64.85;18901;64.8;15585;64.8;1628;2013-08-06 07:07:00.596000
245;64.85;18901;64.8;15585;64.8;594;2013-08-06 07:07:00.596000
246;64.85;18901;64.8;15585;64.8;500;2013-08-06 07:07:00.596000
247;64.8;5422;64.75;15370;64.8;200;2013-08-06 07:08:19.769000
248;64.8;4150;64.75;16498;64.8;1300;2013-08-06 07:08:55.078000
249;64.8;4150;64.75;16498;64.8;300;2013-08-06 07:08:55.078000
250;64.8;4150;64.75;16498;64.8;75;2013-08-06 07:08:55.078000
251;64.8;4150;64.75;16498;64.8;162;2013-08-06 07:08:55.078000
252;64.8;4150;64.75;16498;64.8;800;2013-08-06 07:08:55.078000
253;64.8;4150;64.75;16498;64.8;143;2013-08-06 07:08:55.078000
254;64.8;4150;64.75;16498;64.8;500;2013-08-06 07:08:55.078000
255;64.8;4150;64.75;16498;64.8;370;2013-08-06 07:08:55.078000
256;64.8;4150;64.75;16498;64.8;800;2013-08-06 07:08:55.092000
257;64.85;22540;64.8;800;64.8;266;2013-08-06 07:08:56.094000
258;64.85;23240;64.8;534;64.8;534;2013-08-06 07:08:57.095000
259;64.8;648;64.75;16002;64.8;148;2013-08-06 07:09:06.859000
260;64.85;24049;64.75;12859;64.8;800;2013-08-06 07:09:19.958000
261;64.85;23740;64.8;2651;64.8;2651;2013-08-06 07:09:40.117000
262;64.8;8949;64.75;8619;64.8;2326;2013-08-06 07:09:40.245000
263;64.8;6623;64.75;11719;64.8;5023;2013-08-06 07:09:40.268000
264;64.8;6623;64.75;11719;64.8;800;2013-08-06 07:09:40.268000
265;64.8;6623;64.75;11719;64.8;800;2013-08-06 07:09:40.268000
266;64.8;6623;64.75;12519;64.8;800;2013-08-06 07:09:40.282000
267;64.85;20101;64.8;13934;64.85;500;2013-08-06 07:09:48.323000
268;64.85;20101;64.8;13934;64.85;100;2013-08-06 07:09:48.323000
269;64.85;20101;64.8;13934;64.85;500;2013-08-06 07:09:48.323000
270;64.85;20101;64.8;13934;64.85;3000;2013-08-06 07:09:48.323000
271;64.85;20101;64.8;13934;64.85;4000;2013-08-06 07:09:48.323000
272;64.85;20101;64.8;13934;64.85;6601;2013-08-06 07:09:48.323000
273;64.85;20101;64.8;13934;64.85;800;2013-08-06 07:09:48.323000
274;64.85;20101;64.8;13934;64.85;400;2013-08-06 07:09:48.323000
275;64.85;20101;64.8;13934;64.85;800;2013-08-06 07:09:48.324000
276;64.85;20101;64.8;13934;64.85;500;2013-08-06 07:09:48.328000
277;64.85;20101;64.8;13934;64.85;300;2013-08-06 07:09:48.328000
278;64.85;15901;64.8;16363;64.85;800;2013-08-06 07:09:48.336000
279;64.85;15901;64.8;16363;64.85;500;2013-08-06 07:09:48.336000
280;64.9;13401;64.85;11398;64.85;300;2013-08-06 07:09:52.127000
281;64.9;13401;64.85;11398;64.85;36;2013-08-06 07:09:52.127000
282;64.9;15701;64.85;9922;64.85;464;2013-08-06 07:09:53.143000
283;64.9;15701;64.85;9922;64.85;52;2013-08-06 07:09:53.143000
284;64.9;28463;64.85;6258;64.85;3412;2013-08-06 07:09:53.750000
285;64.9;28463;64.85;2846;64.85;1001;2013-08-06 07:09:53.776000
286;64.9;28463;64.85;2846;64.85;137;2013-08-06 07:09:53.777000
287;64.9;28463;64.85;2846;64.85;365;2013-08-06 07:09:53.777000
288;64.9;28463;64.85;2846;64.85;143;2013-08-06 07:09:53.777000
289;64.85;4601;64.8;21030;64.85;1301;2013-08-06 07:09:54.325000
290;64.85;4601;64.8;21030;64.85;500;2013-08-06 07:09:54.325000
291;64.85;4601;64.8;21030;64.85;500;2013-08-06 07:09:54.325000
292;64.85;4601;64.8;21030;64.85;699;2013-08-06 07:09:54.325000
293;64.85;2800;64.8;20298;64.85;68;2013-08-06 07:09:57.666000
294;64.85;31003;64.8;19164;64.85;800;2013-08-06 07:10:22.941000
295;64.85;31003;64.8;19164;64.85;699;2013-08-06 07:10:22.941000
296;64.85;31003;64.8;19164;64.85;500;2013-08-06 07:10:22.941000
297;64.85;31003;64.8;19164;64.85;101;2013-08-06 07:10:22.941000
298;64.85;31003;64.8;19164;64.85;19914;2013-08-06 07:10:22.941000
299;64.85;31003;64.8;19164;64.85;700;2013-08-06 07:10:22.942000
300;64.85;31003;64.8;19164;64.85;1824;2013-08-06 07:10:22.942000
301;64.85;31003;64.8;19164;64.85;1600;2013-08-06 07:10:22.947000
302;64.85;31003;64.8;19164;64.85;414;2013-08-06 07:10:22.955000
303;64.85;31003;64.8;19164;64.85;548;2013-08-06 07:10:22.955000
304;64.85;31003;64.8;19164;64.85;132;2013-08-06 07:10:22.955000
305;64.85;31003;64.8;19164;64.85;31;2013-08-06 07:10:22.956000
306;64.85;2725;64.8;22576;64.85;469;2013-08-06 07:10:22.957000
307;64.9;30457;64.85;3125;64.85;1125;2013-08-06 07:10:22.976000
308;64.9;30457;64.85;3125;64.85;500;2013-08-06 07:10:22.976000
309;64.9;18835;64.85;2800;64.85;800;2013-08-06 07:10:25.963000
310;64.9;18835;64.85;2800;64.85;700;2013-08-06 07:10:25.963000
311;64.9;18835;64.85;2800;64.85;800;2013-08-06 07:10:25.963000
312;64.9;18835;64.85;2800;64.85;500;2013-08-06 07:10:25.963000
313;64.85;32449;64.8;14813;64.85;195;2013-08-06 07:10:50.561000
314;64.85;30505;64.8;21865;64.8;5935;2013-08-06 07:11:22.792000
315;64.85;30505;64.8;21865;64.8;800;2013-08-06 07:11:22.792000
316;64.85;30505;64.8;21865;64.8;4000;2013-08-06 07:11:22.792000
317;64.85;30505;64.8;21865;64.8;260;2013-08-06 07:11:22.792000
318;64.85;30505;64.8;21865;64.8;212;2013-08-06 07:11:22.792000
319;64.85;30505;64.8;21865;64.8;328;2013-08-06 07:11:22.792000
320;64.85;30505;64.8;21865;64.8;335;2013-08-06 07:11:22.792000
321;64.85;30505;64.8;21865;64.8;143;2013-08-06 07:11:22.792000
322;64.85;30505;64.8;21865;64.8;500;2013-08-06 07:11:22.792000
323;64.85;30505;64.8;21865;64.8;800;2013-08-06 07:11:22.792000
324;64.85;30505;64.8;21865;64.8;441;2013-08-06 07:11:22.792000
325;64.85;30505;64.8;21865;64.8;1500;2013-08-06 07:11:22.792000
326;64.85;30505;64.8;21865;64.8;4746;2013-08-06 07:11:22.792000
327;64.85;30505;64.8;21865;64.8;19;2013-08-06 07:11:22.792000
328;64.85;30505;64.8;21865;64.8;400;2013-08-06 07:11:22.792000
329;64.85;30505;64.8;21865;64.8;1446;2013-08-06 07:11:22.792000
330;64.85;30505;64.8;21865;64.8;500;2013-08-06 07:11:22.793000
331;64.85;30505;64.8;21865;64.8;200;2013-08-06 07:11:22.793000
332;64.8;38851;64.75;12098;64.75;3155;2013-08-06 07:11:59.865000
333;64.8;38851;64.75;12098;64.75;1000;2013-08-06 07:11:59.865000
334;64.8;38851;64.75;12098;64.75;800;2013-08-06 07:11:59.865000
335;64.8;38851;64.75;12098;64.75;5045;2013-08-06 07:11:59.865000
336;64.8;38851;64.75;12098;64.75;700;2013-08-06 07:11:59.865000
337;64.8;38851;64.75;12098;64.75;255;2013-08-06 07:11:59.865000
338;64.8;38851;64.75;12098;64.75;145;2013-08-06 07:11:59.865000
339;64.8;38851;64.75;12098;64.75;560;2013-08-06 07:11:59.865000
340;64.8;38851;64.75;12098;64.75;438;2013-08-06 07:11:59.865000
341;64.8;38851;64.75;12098;64.75;800;2013-08-06 07:11:59.868000
342;64.8;38851;64.75;12098;64.75;800;2013-08-06 07:11:59.868000
343;64.8;38851;64.75;12098;64.75;500;2013-08-06 07:11:59.868000
344;64.8;38851;64.75;12098;64.75;700;2013-08-06 07:11:59.868000
345;64.75;2800;64.7;8171;64.7;800;2013-08-06 07:11:59.901000
346;64.75;2800;64.7;8171;64.7;800;2013-08-06 07:11:59.901000
347;64.75;2800;64.7;8171;64.7;183;2013-08-06 07:11:59.901000
348;64.75;2800;64.7;8171;64.7;500;2013-08-06 07:11:59.901000
349;64.75;2800;64.7;8171;64.7;1000;2013-08-06 07:11:59.901000
350;64.75;2800;64.7;8171;64.7;189;2013-08-06 07:11:59.901000
351;64.75;2800;64.7;8171;64.7;99;2013-08-06 07:11:59.901000
352;64.75;2800;64.7;8171;64.7;375;2013-08-06 07:11:59.901000
353;64.75;2100;64.7;4483;64.75;800;2013-08-06 07:12:00.001000
354;64.75;2100;64.7;4483;64.75;800;2013-08-06 07:12:00.001000
355;64.75;2100;64.7;4483;64.75;500;2013-08-06 07:12:00.001000
356;64.8;32992;64.75;13026;64.8;700;2013-08-06 07:13:07.425000
357;64.8;32992;64.75;13026;64.8;25000;2013-08-06 07:13:07.425000
358;64.8;32992;64.75;13026;64.8;800;2013-08-06 07:13:07.425000
359;64.8;32992;64.75;13026;64.8;61;2013-08-06 07:13:07.425000
360;64.8;32992;64.75;13026;64.8;600;2013-08-06 07:13:07.425000
361;64.8;32992;64.75;13026;64.8;100;2013-08-06 07:13:07.425000
362;64.8;32992;64.75;13026;64.8;800;2013-08-06 07:13:07.425000
363;64.8;32992;64.75;13026;64.8;1400;2013-08-06 07:13:07.425000
364;64.8;32992;64.75;13026;64.8;500;2013-08-06 07:13:07.425000
365;64.8;32992;64.75;13026;64.8;202;2013-08-06 07:13:07.425000
366;64.8;32992;64.75;13026;64.8;598;2013-08-06 07:13:07.425000
367;64.8;32992;64.75;13026;64.8;1141;2013-08-06 07:13:07.426000
368;64.8;32992;64.75;13026;64.8;500;2013-08-06 07:13:07.431000
369;64.8;32992;64.75;13026;64.8;800;2013-08-06 07:13:07.431000
370;64.85;60278;64.8;1300;64.8;167;2013-08-06 07:13:07.451000
371;64.85;43797;64.8;3333;64.8;33;2013-08-06 07:13:07.472000
372;64.85;43797;64.8;3333;64.8;500;2013-08-06 07:13:07.472000
373;64.85;43797;64.8;3333;64.8;680;2013-08-06 07:13:07.472000
374;64.85;47732;64.75;13726;64.8;500;2013-08-06 07:13:10.238000
375;64.8;839;64.75;26872;64.8;839;2013-08-06 07:13:10.637000
376;64.85;47028;64.75;15425;64.8;800;2013-08-06 07:13:11.260000
377;64.85;47028;64.75;15425;64.8;599;2013-08-06 07:13:11.269000
378;64.8;2442;64.75;16917;64.8;500;2013-08-06 07:13:11.616000
379;64.8;2442;64.75;16917;64.8;700;2013-08-06 07:13:11.616000
380;64.8;2442;64.75;16917;64.8;500;2013-08-06 07:13:11.616000
381;64.8;2442;64.75;16917;64.8;742;2013-08-06 07:13:11.616000
382;64.8;2442;64.75;16917;64.8;800;2013-08-06 07:13:11.631000
383;64.8;3100;64.75;16917;64.8;498;2013-08-06 07:13:11.746000
384;64.8;3000;64.75;17656;64.75;761;2013-08-06 07:13:22.933000
385;64.8;3800;64.75;15771;64.8;500;2013-08-06 07:13:35.862000
386;64.8;3800;64.75;15771;64.8;800;2013-08-06 07:13:35.862000
387;64.85;46800;64.75;16061;64.8;200;2013-08-06 07:13:35.923000
388;64.85;46800;64.75;16061;64.8;5800;2013-08-06 07:13:35.923000
389;64.85;46800;64.75;16061;64.8;1500;2013-08-06 07:13:35.923000
390;64.85;46800;64.75;16061;64.8;500;2013-08-06 07:13:35.923000
391;64.85;46800;64.75;16061;64.8;800;2013-08-06 07:13:35.924000
392;64.8;2300;64.75;13951;64.8;800;2013-08-06 07:13:36.054000
393;64.8;2300;64.75;13951;64.8;500;2013-08-06 07:13:36.054000
394;64.85;46875;64.8;6023;64.85;900;2013-08-06 07:13:53.402000
395;64.85;46387;64.8;6574;64.8;200;2013-08-06 07:13:55.285000
396;64.85;46387;64.8;6374;64.8;180;2013-08-06 07:13:55.415000
397;64.85;46387;64.8;6194;64.8;420;2013-08-06 07:14:00.867000
398;64.85;46387;64.8;6194;64.8;280;2013-08-06 07:14:00.867000
399;64.85;46704;64.8;5375;64.8;800;2013-08-06 07:14:03.252000
400;64.85;46704;64.8;5375;64.8;678;2013-08-06 07:14:03.255000
401;64.85;46704;64.8;5375;64.8;1400;2013-08-06 07:14:03.255000
402;64.85;46704;64.8;5375;64.8;654;2013-08-06 07:14:03.259000
403;64.85;46704;64.8;5375;64.8;146;2013-08-06 07:14:03.259000
404;64.85;46704;64.8;5375;64.8;143;2013-08-06 07:14:03.260000
405;64.85;46704;64.8;5375;64.8;262;2013-08-06 07:14:03.260000
406;64.85;46704;64.8;5375;64.8;772;2013-08-06 07:14:03.260000
407;64.8;14665;64.75;4392;64.75;800;2013-08-06 07:14:03.624000
408;64.8;14665;64.75;4392;64.75;120;2013-08-06 07:14:03.624000
409;64.8;14665;64.75;2623;64.75;880;2013-08-06 07:14:03.626000
410;64.8;14665;64.75;2623;64.75;221;2013-08-06 07:14:03.626000
411;64.8;14665;64.75;2623;64.7;500;2013-08-06 07:14:03
412;64.8;6976;64.75;19444;64.8;341;2013-08-06 07:14:37.335000
413;64.8;6976;64.75;19444;64.8;500;2013-08-06 07:14:37.335000
414;64.8;6976;64.75;19444;64.8;495;2013-08-06 07:14:37.335000
415;64.8;6976;64.75;19444;64.8;800;2013-08-06 07:14:37.335000
416;64.8;6976;64.75;19444;64.8;700;2013-08-06 07:14:37.335000
417;64.8;6976;64.75;19444;64.8;154;2013-08-06 07:14:37.335000
418;64.8;6976;64.75;19444;64.8;400;2013-08-06 07:14:37.335000
419;64.8;6976;64.75;19444;64.8;412;2013-08-06 07:14:37.335000
420;64.8;6976;64.75;19444;64.8;412;2013-08-06 07:14:37.335000
421;64.8;6976;64.75;19444;64.8;1786;2013-08-06 07:14:37.335000
422;64.8;6976;64.75;19444;64.8;214;2013-08-06 07:14:37.335000
423;64.8;6976;64.75;19444;64.8;599;2013-08-06 07:14:37.335000
424;64.8;6976;64.75;19444;64.8;163;2013-08-06 07:14:37.335000
425;64.85;42996;64.8;5444;64.8;110;2013-08-06 07:14:37.448000
426;64.85;43187;64.8;15611;64.85;1000;2013-08-06 07:15:52.222000
427;64.85;41796;64.8;16311;64.8;500;2013-08-06 07:16:09.137000
428;64.85;41796;64.8;16311;64.8;200;2013-08-06 07:16:09.137000
429;64.85;41796;64.8;16311;64.8;300;2013-08-06 07:16:09.137000
430;64.85;41796;64.8;16311;64.8;500;2013-08-06 07:16:09.137000
431;64.85;41796;64.8;16311;64.8;700;2013-08-06 07:16:09.137000
432;64.85;41796;64.8;16311;64.8;200;2013-08-06 07:16:09.137000
433;64.85;41796;64.8;16311;64.8;800;2013-08-06 07:16:09.137000
434;64.85;41796;64.8;16311;64.8;544;2013-08-06 07:16:09.137000
435;64.85;41796;64.8;16311;64.8;1256;2013-08-06 07:16:09.137000
436;64.85;42496;64.8;11241;64.8;1138;2013-08-06 07:16:11.335000
437;64.85;42496;64.8;11241;64.8;106;2013-08-06 07:16:11.341000
438;64.85;42496;64.8;11241;64.8;221;2013-08-06 07:16:11.341000
439;64.85;43866;64.8;9776;64.8;6263;2013-08-06 07:16:11.385000
440;64.85;43866;64.8;9776;64.8;1036;2013-08-06 07:16:11.385000
441;64.85;43866;64.8;9776;64.8;39;2013-08-06 07:16:11.385000
442;64.85;43866;64.8;9776;64.8;938;2013-08-06 07:16:11.385000
443;64.85;43866;64.8;9776;64.8;100;2013-08-06 07:16:11.385000
444;64.8;2900;64.75;19392;64.8;403;2013-08-06 07:16:17.663000
445;64.85;46915;64.8;4700;64.8;700;2013-08-06 07:16:18.713000
446;64.85;46915;64.8;4700;64.8;389;2013-08-06 07:16:18.713000
447;64.85;46915;64.8;4700;64.8;1174;2013-08-06 07:16:18.713000
448;64.85;46915;64.8;2437;64.8;225;2013-08-06 07:16:19.770000
449;64.85;47753;64.8;10279;64.8;300;2013-08-06 07:17:25.175000
450;64.85;47825;64.8;10872;64.85;23100;2013-08-06 07:17:41.682000
451;64.85;47825;64.8;10872;64.85;100;2013-08-06 07:17:41.682000
452;64.85;47825;64.8;10872;64.85;800;2013-08-06 07:17:41.682000
453;64.85;47825;64.8;10872;64.85;11665;2013-08-06 07:17:41.682000
454;64.85;47825;64.8;10872;64.85;835;2013-08-06 07:17:41.682000
455;64.85;47825;64.8;10872;64.85;500;2013-08-06 07:17:41.682000
456;64.85;47825;64.8;10872;64.85;800;2013-08-06 07:17:41.682000
457;64.85;47825;64.8;10872;64.85;500;2013-08-06 07:17:41.682000
458;64.85;47825;64.8;10872;64.85;800;2013-08-06 07:17:41.682000
459;64.85;47825;64.8;10872;64.85;309;2013-08-06 07:17:41.682000
460;64.85;47825;64.8;10872;64.85;500;2013-08-06 07:17:41.682000
461;64.85;47825;64.8;10872;64.85;668;2013-08-06 07:17:41.682000
462;64.85;47825;64.8;10872;64.85;400;2013-08-06 07:17:41.697000
463;64.85;47825;64.8;10872;64.85;931;2013-08-06 07:17:41.697000
464;64.85;47825;64.8;10872;64.85;167;2013-08-06 07:17:41.697000
465;64.85;47825;64.8;10872;64.85;42;2013-08-06 07:17:41.697000
466;64.85;47825;64.8;10872;64.85;72;2013-08-06 07:17:41.697000
467;64.85;3104;64.8;14795;64.8;1912;2013-08-06 07:17:41.712000
468;64.85;3104;64.8;14795;64.8;5;2013-08-06 07:17:41.712000
469;64.85;3104;64.8;14795;64.8;4819;2013-08-06 07:17:41.712000
470;64.85;2744;64.8;19418;64.85;935;2013-08-06 07:17:42.280000
471;64.85;2744;64.8;19418;64.85;500;2013-08-06 07:17:42.280000
472;64.85;2744;64.8;19418;64.85;314;2013-08-06 07:17:42.280000
473;64.85;841;64.8;22252;64.85;336;2013-08-06 07:17:43.813000
474;64.85;841;64.8;22252;64.85;250;2013-08-06 07:17:43.813000
475;64.85;841;64.8;22252;64.85;255;2013-08-06 07:17:43.813000
476;64.9;13168;64.85;8524;64.9;520;2013-08-06 07:17:58.223000
477;64.9;13168;64.85;8524;64.9;200;2013-08-06 07:17:58.223000
478;64.9;13168;64.85;8524;64.9;320;2013-08-06 07:17:58.223000
479;64.9;13168;64.85;8524;64.9;200;2013-08-06 07:17:58.223000
480;64.9;13168;64.85;8524;64.9;1000;2013-08-06 07:17:58.223000
481;64.9;13168;64.85;8524;64.9;100;2013-08-06 07:17:58.223000
482;64.9;13168;64.85;8524;64.9;1557;2013-08-06 07:17:58.223000
483;64.9;13168;64.85;8524;64.9;300;2013-08-06 07:17:58.223000
484;64.9;13168;64.85;8524;64.9;6604;2013-08-06 07:17:58.223000
485;64.9;13168;64.85;8524;64.9;800;2013-08-06 07:17:58.223000
486;64.9;13168;64.85;8524;64.9;111;2013-08-06 07:17:58.223000
487;64.9;13168;64.85;8524;64.9;36;2013-08-06 07:17:58.223000
488;64.9;13168;64.85;8524;64.9;50;2013-08-06 07:17:58.223000
489;64.9;11798;64.85;13205;64.9;500;2013-08-06 07:17:58.238000
490;64.9;11798;64.85;13205;64.9;300;2013-08-06 07:17:58.238000
491;64.9;11798;64.85;13205;64.9;500;2013-08-06 07:17:58.238000
492;64.9;11798;64.85;13205;64.9;500;2013-08-06 07:17:58.239000
493;64.9;11798;64.85;13205;64.9;800;2013-08-06 07:17:58.239000
494;64.9;11798;64.85;13205;64.9;700;2013-08-06 07:17:58.239000
495;64.95;17529;64.9;7103;64.9;92;2013-08-06 07:17:58.309000
496;64.95;16057;64.9;10011;64.9;1127;2013-08-06 07:17:59.242000
497;64.95;16057;64.9;8384;64.9;338;2013-08-06 07:18:00.376000
498;64.95;15857;64.9;8046;64.9;800;2013-08-06 07:18:01.109000
499;64.95;15857;64.9;8046;64.9;1399;2013-08-06 07:18:01.109000
500;64.95;15857;64.9;8046;64.9;65;2013-08-06 07:18:01.109000
501;64.95;17297;64.9;1536;64.9;1138;2013-08-06 07:18:01.435000
502;64.95;17297;64.9;398;64.9;398;2013-08-06 07:18:01.967000
503;64.9;2300;64.85;13638;64.85;500;2013-08-06 07:18:02.008000
504;64.9;3591;64.85;11308;64.85;700;2013-08-06 07:18:13.542000
505;64.9;3591;64.85;11308;64.85;183;2013-08-06 07:18:13.542000
506;64.9;3591;64.85;11308;64.85;1509;2013-08-06 07:18:13.542000
507;64.9;1686;64.85;20728;64.9;380;2013-08-06 07:18:36.445000
508;64.9;2005;64.85;24022;64.85;1491;2013-08-06 07:18:56.439000
509;64.9;2005;64.85;24022;64.85;3002;2013-08-06 07:18:56.439000
510;64.9;2005;64.85;24022;64.85;339;2013-08-06 07:18:56.439000
511;64.9;2005;64.85;24022;64.85;168;2013-08-06 07:18:56.439000
512;64.9;6005;64.85;19354;64.85;140;2013-08-06 07:18:57.811000
513;64.9;6005;64.85;19354;64.85;241;2013-08-06 07:18:57.811000
514;64.9;11048;64.85;29930;64.9;500;2013-08-06 07:20:13.219000
515;64.9;11048;64.85;29930;64.9;91;2013-08-06 07:20:13.219000
516;64.9;11048;64.85;29930;64.9;500;2013-08-06 07:20:13.219000
517;64.9;11048;64.85;29930;64.9;700;2013-08-06 07:20:13.219000
518;64.9;11048;64.85;29930;64.9;800;2013-08-06 07:20:13.219000
519;64.9;11048;64.85;29930;64.9;2000;2013-08-06 07:20:13.219000
520;64.9;11048;64.85;29930;64.9;74;2013-08-06 07:20:13.219000
521;64.9;11048;64.85;29930;64.9;1894;2013-08-06 07:20:13.219000
522;64.9;11048;64.85;29930;64.9;1629;2013-08-06 07:20:13.219000
523;64.9;11048;64.85;29930;64.9;265;2013-08-06 07:20:13.220000
524;64.9;11048;64.85;29930;64.9;95;2013-08-06 07:20:13.220000
525;64.9;28800;64.85;27631;64.85;500;2013-08-06 07:20:17.511000
526;64.9;28800;64.85;27631;64.85;500;2013-08-06 07:20:17.511000
527;64.9;28800;64.85;27631;64.85;95;2013-08-06 07:20:17.511000
528;64.9;28800;64.85;27631;64.85;604;2013-08-06 07:20:17.511000
529;64.9;28800;64.85;27631;64.85;1277;2013-08-06 07:20:17.511000
530;64.9;28800;64.85;27631;64.85;183;2013-08-06 07:20:17.511000
531;64.9;28800;64.85;27631;64.85;500;2013-08-06 07:20:17.511000
532;64.9;28800;64.85;27631;64.85;2500;2013-08-06 07:20:17.511000
533;64.9;28800;64.85;27631;64.85;1832;2013-08-06 07:20:17.511000
534;64.9;28800;64.85;27631;64.85;438;2013-08-06 07:20:17.511000
535;64.9;28800;64.85;27631;64.85;2000;2013-08-06 07:20:17.511000
536;64.9;28800;64.85;27631;64.85;500;2013-08-06 07:20:17.511000
537;64.9;28800;64.85;27631;64.85;4;2013-08-06 07:20:17.511000
538;64.9;28800;64.85;27631;64.85;2292;2013-08-06 07:20:17.511000
539;64.9;28800;64.85;27631;64.85;700;2013-08-06 07:20:17.511000
540;64.9;28800;64.85;27631;64.85;3575;2013-08-06 07:20:17.511000
541;64.9;28800;64.85;27631;64.85;362;2013-08-06 07:20:17.511000
542;64.9;33923;64.85;9269;64.85;5880;2013-08-06 07:20:17.544000
543;64.9;39512;64.85;4862;64.85;2000;2013-08-06 07:20:21.238000
544;64.9;43571;64.85;2862;64.85;1389;2013-08-06 07:20:22.899000
545;64.9;43571;64.85;2862;64.85;134;2013-08-06 07:20:22.899000
546;64.9;43571;64.85;2862;64.85;470;2013-08-06 07:20:22.899000
547;64.9;43571;64.85;2862;64.85;7;2013-08-06 07:20:22.900000
548;64.9;43571;64.85;2862;64.85;92;2013-08-06 07:20:22.900000
549;64.9;43571;64.85;2862;64.85;770;2013-08-06 07:20:22.900000
550;64.85;39035;64.8;16001;64.8;300;2013-08-06 07:20:44.363000
551;64.85;38735;64.8;17598;64.8;150;2013-08-06 07:20:47.054000
552;64.85;53771;64.8;12385;64.8;50;2013-08-06 07:21:48.237000
553;64.85;53771;64.8;12385;64.8;56;2013-08-06 07:21:48.237000
554;64.85;60302;64.8;12279;64.8;125;2013-08-06 07:21:53.085000
555;64.85;60302;64.8;12154;64.8;580;2013-08-06 07:21:54.334000
556;64.85;61202;64.8;12274;64.8;115;2013-08-06 07:21:57.375000
557;64.85;61202;64.8;22159;64.85;150;2013-08-06 07:22:06.833000
558;64.85;59157;64.8;22159;64.8;95;2013-08-06 07:22:08.142000
559;64.85;59157;64.8;22064;64.8;7000;2013-08-06 07:22:09.792000
560;64.85;59157;64.8;22064;64.8;400;2013-08-06 07:22:09.793000
561;64.85;59157;64.8;22064;64.8;600;2013-08-06 07:22:09.793000
562;64.85;59157;64.8;22064;64.8;1;2013-08-06 07:22:09.793000
563;64.85;59157;64.8;22064;64.8;99;2013-08-06 07:22:09.793000
564;64.85;59157;64.8;22064;64.8;700;2013-08-06 07:22:09.793000
565;64.85;59157;64.8;22064;64.8;120;2013-08-06 07:22:09.793000
566;64.85;59157;64.8;22064;64.8;915;2013-08-06 07:22:09.793000
567;64.85;59157;64.8;22064;64.8;1424;2013-08-06 07:22:09.793000
568;64.85;59157;64.8;22064;64.8;800;2013-08-06 07:22:09.793000
569;64.85;59157;64.8;22064;64.8;700;2013-08-06 07:22:09.793000
570;64.85;59157;64.8;22064;64.8;960;2013-08-06 07:22:09.793000
571;64.85;59157;64.8;22064;64.8;2844;2013-08-06 07:22:09.793000
572;64.85;59157;64.8;22064;64.8;318;2013-08-06 07:22:09.793000
573;64.85;59157;64.8;22064;64.8;800;2013-08-06 07:22:09.794000
574;64.85;59157;64.8;22064;64.8;800;2013-08-06 07:22:09.794000
575;64.85;59157;64.8;22064;64.8;1354;2013-08-06 07:22:09.794000
576;64.85;59157;64.8;22064;64.8;3;2013-08-06 07:22:09.806000
577;64.8;61877;64.75;4295;64.75;405;2013-08-06 07:22:13.424000
578;64.8;10848;64.75;31017;64.8;288;2013-08-06 07:22:20.841000
579;64.8;10848;64.75;31017;64.8;512;2013-08-06 07:22:20.841000
580;64.8;10848;64.75;31017;64.8;500;2013-08-06 07:22:20.841000
581;64.8;10848;64.75;31017;64.8;800;2013-08-06 07:22:20.841000
582;64.8;10848;64.75;31017;64.8;500;2013-08-06 07:22:20.841000
583;64.8;10848;64.75;31017;64.8;700;2013-08-06 07:22:20.841000
584;64.8;10848;64.75;31017;64.8;500;2013-08-06 07:22:20.841000
585;64.8;10848;64.75;31017;64.8;5951;2013-08-06 07:22:20.841000
586;64.8;10848;64.75;31017;64.8;1097;2013-08-06 07:22:20.841000
587;64.85;84468;64.8;16102;64.8;27;2013-08-06 07:22:31.696000
588;64.85;84189;64.8;27395;64.8;473;2013-08-06 07:23:05.325000
589;64.85;84189;64.8;27395;64.8;500;2013-08-06 07:23:05.325000
590;64.85;84189;64.8;27395;64.8;500;2013-08-06 07:23:05.325000
591;64.85;84189;64.8;27395;64.8;303;2013-08-06 07:23:05.325000
592;64.85;84189;64.8;27395;64.8;800;2013-08-06 07:23:05.327000
593;64.85;84189;64.8;27395;64.8;500;2013-08-06 07:23:05.327000
594;64.85;84189;64.8;27395;64.8;500;2013-08-06 07:23:05.327000
595;64.85;84189;64.8;27395;64.8;1439;2013-08-06 07:23:05.327000
596;64.85;84189;64.8;27395;64.8;494;2013-08-06 07:23:05.327000
597;64.85;84189;64.8;27395;64.8;59;2013-08-06 07:23:05.327000
598;64.85;89867;64.8;11261;64.8;941;2013-08-06 07:23:05.349000
599;64.85;89867;64.8;11261;64.8;1;2013-08-06 07:23:05.349000
600;64.85;89867;64.8;11261;64.8;4558;2013-08-06 07:23:05.349000
601;64.85;89867;64.8;11261;64.8;700;2013-08-06 07:23:05.350000
602;64.85;89867;64.8;11261;64.8;261;2013-08-06 07:23:05.350000
603;64.85;89867;64.8;11261;64.8;148;2013-08-06 07:23:05.350000
604;64.85;89867;64.8;11261;64.8;239;2013-08-06 07:23:05.351000
605;64.85;89867;64.8;11261;64.8;1298;2013-08-06 07:23:05.364000
606;64.85;86767;64.8;3115;64.8;531;2013-08-06 07:23:05.382000
607;64.85;87394;64.8;2265;64.8;553;2013-08-06 07:23:05.830000
608;64.85;85999;64.8;2412;64.85;300;2013-08-06 07:23:07.351000
609;64.85;84399;64.8;2412;64.8;1005;2013-08-06 07:23:07.399000
610;64.85;89093;64.8;1408;64.8;92;2013-08-06 07:23:20.050000
611;64.85;89093;64.8;1316;64.8;615;2013-08-06 07:23:20.115000
612;64.85;89093;64.8;1316;64.8;574;2013-08-06 07:23:20.115000
613;64.85;87989;64.8;15717;64.85;741;2013-08-06 07:23:45.848000
614;64.85;85375;64.8;18819;64.8;1;2013-08-06 07:24:05.658000
615;64.85;85375;64.8;18819;64.8;705;2013-08-06 07:24:05.658000
616;64.85;85375;64.8;18819;64.8;2564;2013-08-06 07:24:05.658000
617;64.85;86928;64.8;13654;64.8;91;2013-08-06 07:24:36.628000
618;64.85;87465;64.8;14363;64.8;101;2013-08-06 07:24:49.629000
619;64.85;87465;64.8;14262;64.8;360;2013-08-06 07:24:51.621000
620;64.85;87465;64.8;13902;64.8;5000;2013-08-06 07:24:54.912000
621;64.85;90687;64.8;5602;64.8;628;2013-08-06 07:24:55.519000
622;64.85;92241;64.8;4174;64.8;1256;2013-08-06 07:24:58.597000
623;64.85;92241;64.8;4174;64.8;800;2013-08-06 07:24:58.597000
624;64.85;92241;64.8;4174;64.8;911;2013-08-06 07:24:58.597000
625;64.85;92241;64.8;4174;64.8;300;2013-08-06 07:24:58.597000
626;64.85;92241;64.8;4174;64.8;463;2013-08-06 07:24:58.597000
627;64.85;92241;64.8;4174;64.8;442;2013-08-06 07:24:58.597000
628;64.85;92241;64.8;4174;64.8;2;2013-08-06 07:24:58.597000
629;64.85;92241;64.8;4174;64.8;3834;2013-08-06 07:24:58.597000
630;64.85;92241;64.8;4174;64.8;1397;2013-08-06 07:24:58.597000
631;64.85;92241;64.8;4174;64.8;626;2013-08-06 07:24:58.598000
632;64.85;92241;64.8;4174;64.8;477;2013-08-06 07:24:58.598000
633;64.8;23;64.75;28424;64.8;23;2013-08-06 07:24:58.624000
634;64.8;23;64.75;27428;64.8;1521;2013-08-06 07:24:58.636000
635;64.85;96055;64.75;28984;64.8;925;2013-08-06 07:24:58.643000
636;64.85;96521;64.75;15472;64.8;800;2013-08-06 07:24:58.648000
637;64.85;95114;64.8;7454;64.8;209;2013-08-06 07:25:00.192000
638;64.85;95114;64.8;7245;64.8;974;2013-08-06 07:25:00.243000
639;64.85;95151;64.8;6273;64.8;99;2013-08-06 07:25:06.695000
640;64.85;95151;64.8;6174;64.8;914;2013-08-06 07:25:06.751000
641;64.85;90346;64.8;13783;64.8;90;2013-08-06 07:25:32.488000
642;64.85;90346;64.8;13693;64.8;1189;2013-08-06 07:25:32.532000
643;64.85;91647;64.8;16325;64.8;192;2013-08-06 07:25:50.368000
644;64.85;91647;64.8;16133;64.8;2147;2013-08-06 07:25:57.016000
645;64.85;91647;64.8;14916;64.8;86;2013-08-06 07:25:57.879000
646;64.85;87252;64.8;15630;64.85;2;2013-08-06 07:26:06.131000
647;64.85;89145;64.8;15630;64.8;854;2013-08-06 07:26:09.417000
648;64.85;89145;64.8;15630;64.8;700;2013-08-06 07:26:09.417000
649;64.85;89145;64.8;15630;64.8;2;2013-08-06 07:26:09.417000
650;64.85;89145;64.8;15630;64.8;8008;2013-08-06 07:26:09.417000
651;64.85;89145;64.8;15630;64.8;515;2013-08-06 07:26:09.417000
652;64.85;89145;64.8;15630;64.8;2000;2013-08-06 07:26:09.417000
653;64.85;89145;64.8;15630;64.8;500;2013-08-06 07:26:09.417000
654;64.85;89145;64.8;15630;64.8;496;2013-08-06 07:26:09.417000
655;64.85;89145;64.8;15630;64.8;825;2013-08-06 07:26:09.417000
656;64.85;89145;64.8;15630;64.8;930;2013-08-06 07:26:09.417000
657;64.85;89145;64.8;15630;64.8;800;2013-08-06 07:26:09.417000
658;64.85;89145;64.8;15630;64.8;700;2013-08-06 07:26:09.430000
659;64.85;89145;64.8;15630;64.8;2;2013-08-06 07:26:09.431000
660;64.8;21508;64.75;16904;64.8;689;2013-08-06 07:26:09.487000
661;64.8;17819;64.75;10413;64.8;9;2013-08-06 07:26:09.568000
662;64.8;17819;64.75;10413;64.8;303;2013-08-06 07:26:09.568000
663;64.8;17819;64.75;10413;64.8;500;2013-08-06 07:26:09.568000
664;64.8;17819;64.75;10413;64.8;500;2013-08-06 07:26:09.568000
665;64.8;17819;64.75;10413;64.8;700;2013-08-06 07:26:09.568000
666;64.8;17819;64.75;10413;64.8;800;2013-08-06 07:26:09.568000
667;64.8;17819;64.75;10413;64.8;700;2013-08-06 07:26:09.568000
668;64.8;17819;64.75;10413;64.8;2697;2013-08-06 07:26:09.568000
669;64.8;17819;64.75;10413;64.8;3791;2013-08-06 07:26:09.568000
670;64.8;17819;64.75;10413;64.8;2228;2013-08-06 07:26:09.568000
671;64.8;17819;64.75;11413;64.8;862;2013-08-06 07:26:09.581000
672;64.8;17819;64.75;11413;64.8;1637;2013-08-06 07:26:09.581000
673;64.8;2292;64.75;11714;64.8;852;2013-08-06 07:26:09.695000
674;64.8;2292;64.75;11714;64.8;1440;2013-08-06 07:26:09.695000
675;64.8;1290;64.75;15052;64.8;1290;2013-08-06 07:26:09.732000
676;64.8;1290;64.75;13154;64.8;76;2013-08-06 07:26:09.744000
677;64.85;90045;64.8;10129;64.8;297;2013-08-06 07:26:10.068000
678;64.85;92978;64.8;9613;64.8;266;2013-08-06 07:26:14.942000
679;64.85;88400;64.8;27852;64.85;2;2013-08-06 07:26:18.067000
680;64.85;82978;64.8;40214;64.8;2;2013-08-06 07:26:32.282000
681;64.85;85827;64.8;27360;64.85;2;2013-08-06 07:26:55.378000
682;64.85;83747;64.8;27360;64.8;2;2013-08-06 07:27:01.266000
683;64.85;84230;64.8;28231;64.85;2;2013-08-06 07:27:13.388000
684;64.85;84045;64.8;31814;64.8;2;2013-08-06 07:27:39.722000
685;64.85;84045;64.8;32695;64.8;90;2013-08-06 07:27:49.775000
686;64.85;88582;64.8;30725;64.8;94;2013-08-06 07:27:57.897000
687;64.85;88582;64.8;30162;64.8;94;2013-08-06 07:28:06.021000
688;64.85;90477;64.8;30068;64.8;7142;2013-08-06 07:28:07.221000
689;64.85;90477;64.8;30068;64.8;1440;2013-08-06 07:28:07.221000
690;64.85;90477;64.8;30068;64.8;481;2013-08-06 07:28:07.221000
691;64.85;90477;64.8;30068;64.8;800;2013-08-06 07:28:07.221000
692;64.85;90477;64.8;30068;64.8;500;2013-08-06 07:28:07.221000
693;64.85;90477;64.8;30068;64.8;500;2013-08-06 07:28:07.221000
694;64.85;90477;64.8;30068;64.8;800;2013-08-06 07:28:07.221000
695;64.85;90477;64.8;30068;64.8;10000;2013-08-06 07:28:07.221000
696;64.85;90477;64.8;30068;64.8;800;2013-08-06 07:28:07.221000
697;64.85;90477;64.8;30068;64.8;950;2013-08-06 07:28:07.221000
698;64.85;90477;64.8;30068;64.8;286;2013-08-06 07:28:07.221000
699;64.85;90477;64.8;30068;64.8;873;2013-08-06 07:28:07.221000
700;64.85;90477;64.8;30068;64.8;712;2013-08-06 07:28:07.221000
701;64.85;90477;64.8;30068;64.8;2000;2013-08-06 07:28:07.221000
702;64.85;90477;64.8;30068;64.8;871;2013-08-06 07:28:07.221000
703;64.85;90477;64.8;30068;64.8;1000;2013-08-06 07:28:07.221000
704;64.85;90477;64.8;30068;64.8;4;2013-08-06 07:28:07.221000
705;64.85;90477;64.8;30068;64.8;909;2013-08-06 07:28:07.221000
706;64.8;3548;64.75;14522;64.8;94;2013-08-06 07:28:07.309000
707;64.8;3548;64.75;14522;64.8;488;2013-08-06 07:28:07.309000
708;64.8;1966;64.75;10122;64.8;212;2013-08-06 07:28:07.363000
709;64.8;1966;64.75;10122;64.8;106;2013-08-06 07:28:07.363000
710;64.8;154;64.75;17663;64.8;154;2013-08-06 07:28:08.354000
711;64.85;90633;64.75;21164;64.85;2;2013-08-06 07:28:09.410000
712;64.85;90631;64.75;19724;64.75;2;2013-08-06 07:28:15.755000
713;64.85;89824;64.75;14471;64.85;2;2013-08-06 07:28:17.130000
714;64.85;84732;64.8;11909;64.8;2;2013-08-06 07:28:17.914000
715;64.85;90242;64.8;14099;64.85;397;2013-08-06 07:28:43.578000
716;64.85;90242;64.8;14099;64.85;500;2013-08-06 07:28:43.578000
717;64.85;90242;64.8;14099;64.85;1623;2013-08-06 07:28:43.578000
718;64.85;82328;64.8;16171;64.8;375;2013-08-06 07:29:07.061000
719;64.85;89557;64.8;13870;64.8;3685;2013-08-06 07:29:14.098000
720;64.85;89557;64.8;13870;64.8;3800;2013-08-06 07:29:14.099000
721;64.85;89557;64.8;13870;64.8;700;2013-08-06 07:29:14.100000
722;64.85;89557;64.8;13870;64.8;1237;2013-08-06 07:29:14.112000
723;64.85;89557;64.8;13870;64.8;201;2013-08-06 07:29:14.126000
724;64.85;89557;64.8;13870;64.8;1;2013-08-06 07:29:14.126000
725;64.85;89557;64.8;13870;64.8;802;2013-08-06 07:29:14.126000
726;64.85;86525;64.8;847;64.8;144;2013-08-06 07:29:14.289000
727;64.85;86525;64.8;847;64.8;3;2013-08-06 07:29:14.289000
728;64.85;86525;64.8;847;64.8;213;2013-08-06 07:29:14.289000
729;64.85;84843;64.8;500;64.8;403;2013-08-06 07:29:17.729000
730;64.85;84843;64.8;500;64.8;97;2013-08-06 07:29:17.737000
731;64.85;84843;64.8;500;64.8;52;2013-08-06 07:29:17.737000
732;64.85;84843;64.8;500;64.8;748;2013-08-06 07:29:17.737000
733;64.85;84843;64.8;500;64.8;1310;2013-08-06 07:29:17.737000
734;64.85;84843;64.8;500;64.8;97;2013-08-06 07:29:17.744000
735;64.85;84002;64.8;2203;64.8;265;2013-08-06 07:29:19.556000
736;64.85;84002;64.8;1438;64.8;400;2013-08-06 07:29:20
737;64.85;84136;64.8;16322;64.8;438;2013-08-06 07:29:29.625000
738;64.85;84136;64.8;16322;64.8;62;2013-08-06 07:29:29.625000
739;64.85;84136;64.8;15822;64.85;6430;2013-08-06 07:29:29.711000
740;64.85;75386;64.8;21422;64.8;2;2013-08-06 07:29:35.418000
741;64.85;75599;64.8;21830;64.8;400;2013-08-06 07:29:54
742;64.85;75519;64.8;21830;64.8;436;2013-08-06 07:29:59.620000
743;64.85;75519;64.8;21830;64.8;500;2013-08-06 07:29:59.620000
744;64.85;75519;64.8;21830;64.8;1387;2013-08-06 07:29:59.620000
745;64.85;75519;64.8;21830;64.8;500;2013-08-06 07:29:59.620000
746;64.85;75519;64.8;21830;64.8;12177;2013-08-06 07:29:59.620000
747;64.85;80744;64.8;1721;64.85;2;2013-08-06 07:30:03.754000
748;64.85;81270;64.8;3161;64.8;90;2013-08-06 07:30:31.663000
749;64.85;79375;64.8;3689;64.8;100;2013-08-06 07:30:42.246000
750;64.85;76154;64.8;11633;64.8;506;2013-08-06 07:31:16.548000
751;64.85;76154;64.8;11633;64.8;800;2013-08-06 07:31:16.548000
752;64.85;76154;64.8;11633;64.8;100;2013-08-06 07:31:16.548000
753;64.85;76154;64.8;11633;64.8;1;2013-08-06 07:31:16.548000
754;64.85;76154;64.8;11633;64.8;940;2013-08-06 07:31:16.548000
755;64.85;76154;64.8;11633;64.8;800;2013-08-06 07:31:16.548000
756;64.85;76154;64.8;11633;64.8;318;2013-08-06 07:31:16.548000
757;64.85;76154;64.8;11633;64.8;487;2013-08-06 07:31:16.548000
758;64.85;76154;64.8;11633;64.8;200;2013-08-06 07:31:16.548000
759;64.85;76154;64.8;11633;64.8;700;2013-08-06 07:31:16.548000
760;64.85;76154;64.8;11633;64.8;500;2013-08-06 07:31:16.548000
761;64.85;76154;64.8;11633;64.8;2000;2013-08-06 07:31:16.548000
762;64.85;76154;64.8;11633;64.8;800;2013-08-06 07:31:16.548000
763;64.85;76154;64.8;11633;64.8;760;2013-08-06 07:31:16.548000
764;64.85;77137;64.8;3700;64.85;150;2013-08-06 07:31:19.476000
765;64.85;79282;64.8;2200;64.8;322;2013-08-06 07:31:26.306000
766;64.85;74338;64.8;15339;64.8;96;2013-08-06 07:32:42.888000
767;64.85;74338;64.8;16618;64.8;88;2013-08-06 07:32:53.854000
768;64.85;74338;64.8;16968;64.8;95;2013-08-06 07:33:03.202000
769;64.85;74529;64.8;17908;64.8;98;2013-08-06 07:33:15.181000
770;64.85;74529;64.8;17810;64.8;229;2013-08-06 07:33:16.375000
771;64.85;74529;64.8;17810;64.8;469;2013-08-06 07:33:16.375000
772;64.85;74529;64.8;17810;64.8;800;2013-08-06 07:33:16.375000
773;64.85;74529;64.8;17810;64.8;500;2013-08-06 07:33:16.375000
774;64.85;74529;64.8;17810;64.8;500;2013-08-06 07:33:16.375000
775;64.85;74529;64.8;17810;64.8;700;2013-08-06 07:33:16.375000
776;64.85;74529;64.8;17810;64.8;500;2013-08-06 07:33:16.375000
777;64.85;74529;64.8;17810;64.8;500;2013-08-06 07:33:16.375000
778;64.85;74529;64.8;17810;64.8;1700;2013-08-06 07:33:16.375000
779;64.85;74529;64.8;17810;64.8;2000;2013-08-06 07:33:16.375000
780;64.85;74529;64.8;17810;64.8;2000;2013-08-06 07:33:16.375000
781;64.85;74529;64.8;17810;64.8;183;2013-08-06 07:33:16.375000
782;64.85;74529;64.8;17810;64.8;309;2013-08-06 07:33:16.375000
783;64.85;74529;64.8;17810;64.8;800;2013-08-06 07:33:16.375000
784;64.85;74529;64.8;17810;64.8;309;2013-08-06 07:33:16.375000
785;64.85;74529;64.8;17810;64.8;1049;2013-08-06 07:33:16.375000
786;64.85;74529;64.8;17810;64.8;1271;2013-08-06 07:33:16.375000
787;64.85;74529;64.8;17810;64.8;703;2013-08-06 07:33:16.375000
788;64.85;74529;64.8;17810;64.8;1809;2013-08-06 07:33:16.375000
789;64.85;74529;64.8;17810;64.8;6;2013-08-06 07:33:16.375000
790;64.85;74529;64.8;17810;64.8;139;2013-08-06 07:33:16.375000
791;64.85;74529;64.8;17810;64.8;1024;2013-08-06 07:33:16.375000
792;64.85;72319;64.8;6337;64.85;600;2013-08-06 07:33:18.138000
793;64.85;71536;64.8;11814;64.8;106;2013-08-06 07:33:20.870000
794;64.85;59816;64.8;16625;64.8;92;2013-08-06 07:33:34.682000
795;64.85;59816;64.8;16798;64.8;112;2013-08-06 07:33:38.535000
796;64.85;59816;64.8;16798;64.8;1;2013-08-06 07:33:38.535000
797;64.85;59816;64.8;16798;64.8;387;2013-08-06 07:33:38.535000
798;64.85;58576;64.8;12444;64.8;111;2013-08-06 07:33:40.780000
799;64.85;58576;64.8;12769;64.8;196;2013-08-06 07:33:45.132000
800;64.85;58576;64.8;12769;64.8;1068;2013-08-06 07:33:45.132000
801;64.85;58576;64.8;12769;64.8;500;2013-08-06 07:33:45.132000
802;64.85;58576;64.8;12769;64.8;200;2013-08-06 07:33:45.132000
803;64.85;58576;64.8;12769;64.8;700;2013-08-06 07:33:45.132000
804;64.85;58576;64.8;12769;64.8;700;2013-08-06 07:33:45.132000
805;64.85;58576;64.8;12769;64.8;500;2013-08-06 07:33:45.132000
806;64.85;58576;64.8;12769;64.8;1300;2013-08-06 07:33:45.132000
807;64.85;58576;64.8;12769;64.8;700;2013-08-06 07:33:45.132000
808;64.85;58576;64.8;12769;64.8;183;2013-08-06 07:33:45.132000
809;64.85;58576;64.8;12769;64.8;800;2013-08-06 07:33:45.132000
810;64.85;58576;64.8;12769;64.8;455;2013-08-06 07:33:45.132000
811;64.85;58576;64.8;12769;64.8;309;2013-08-06 07:33:45.132000
812;64.85;58576;64.8;12769;64.8;800;2013-08-06 07:33:45.132000
813;64.85;58576;64.8;12769;64.8;1200;2013-08-06 07:33:45.132000
814;64.85;58576;64.8;12769;64.8;909;2013-08-06 07:33:45.132000
815;64.85;58576;64.8;12769;64.8;800;2013-08-06 07:33:45.132000
816;64.85;58576;64.8;12769;64.8;709;2013-08-06 07:33:45.132000
817;64.85;58576;64.8;12769;64.8;1;2013-08-06 07:33:45.132000
818;64.85;58576;64.8;12769;64.8;303;2013-08-06 07:33:45.132000
819;64.85;58576;64.8;12769;64.8;436;2013-08-06 07:33:45.132000
820;64.85;58576;64.8;12769;64.8;487;2013-08-06 07:33:45.132000
821;64.85;58576;64.8;12769;64.8;800;2013-08-06 07:33:45.132000
822;64.85;58576;64.8;12769;64.8;944;2013-08-06 07:33:45.133000
823;64.85;58576;64.8;12769;64.8;656;2013-08-06 07:33:45.133000
824;64.85;58576;64.8;12769;64.8;330;2013-08-06 07:33:45.135000
825;64.85;58576;64.8;12769;64.8;814;2013-08-06 07:33:45.138000
826;64.85;58576;64.8;12769;64.8;800;2013-08-06 07:33:45.138000
827;64.85;62333;64.8;5633;64.8;500;2013-08-06 07:33:55.893000
828;64.85;62333;64.8;5633;64.8;640;2013-08-06 07:33:55.893000
829;64.85;62333;64.8;5633;64.8;500;2013-08-06 07:33:55.893000
830;64.85;62333;64.8;5633;64.8;305;2013-08-06 07:33:55.893000
831;64.85;62333;64.8;5633;64.8;500;2013-08-06 07:33:55.893000
832;64.85;62333;64.8;5633;64.8;441;2013-08-06 07:33:55.893000
833;64.85;62333;64.8;5633;64.8;1337;2013-08-06 07:33:55.893000
834;64.85;62333;64.8;5633;64.8;440;2013-08-06 07:33:55.893000
835;64.85;62333;64.8;5633;64.8;1;2013-08-06 07:33:55.893000
836;64.85;62333;64.8;5633;64.8;769;2013-08-06 07:33:55.893000
837;64.85;62333;64.8;5633;64.8;67;2013-08-06 07:33:55.893000
838;64.85;62333;64.8;5633;64.8;133;2013-08-06 07:33:55.907000
839;64.85;64720;64.8;133;64.8;133;2013-08-06 07:33:55.921000
840;64.85;64720;64.8;133;64.8;667;2013-08-06 07:33:55.925000
841;64.8;800;64.75;20428;64.8;612;2013-08-06 07:33:55.933000
842;64.8;800;64.75;20428;64.8;55;2013-08-06 07:33:55.933000
843;64.8;800;64.75;20428;64.8;745;2013-08-06 07:33:55.933000
844;64.85;57468;64.8;10724;64.8;500;2013-08-06 07:34:23.040000
845;64.85;54698;64.8;14594;64.8;500;2013-08-06 07:35:14.696000
846;64.85;54698;64.8;14594;64.8;500;2013-08-06 07:35:14.696000
847;64.85;54698;64.8;14594;64.8;443;2013-08-06 07:35:14.696000
848;64.85;54698;64.8;14594;64.8;557;2013-08-06 07:35:14.696000
849;64.85;54698;64.8;12602;64.8;91;2013-08-06 07:35:29.224000
850;64.85;56615;64.8;12961;64.8;66;2013-08-06 07:35:34.715000
851;64.85;56615;64.8;12961;64.8;27;2013-08-06 07:35:34.715000
852;64.85;60002;64.8;11986;64.8;173;2013-08-06 07:35:40.608000
853;64.85;60002;64.8;11986;64.8;577;2013-08-06 07:35:40.608000
854;64.85;59866;64.8;13639;64.85;1000;2013-08-06 07:35:46.841000
855;64.85;54917;64.8;25662;64.85;5411;2013-08-06 07:36:25.972000
856;64.85;49506;64.8;27324;64.85;279;2013-08-06 07:36:26.159000
857;64.85;49506;64.8;27324;64.825;22;2013-08-06 07:36:26
858;64.85;49227;64.8;27642;64.85;9505;2013-08-06 07:36:27.207000
859;64.85;49227;64.8;27642;64.85;500;2013-08-06 07:36:27.207000
860;64.85;49227;64.8;27642;64.85;95;2013-08-06 07:36:27.207000
861;64.85;49227;64.8;27642;64.85;300;2013-08-06 07:36:27.207000
862;64.85;49227;64.8;27642;64.85;165;2013-08-06 07:36:27.207000
863;64.85;49227;64.8;27642;64.85;800;2013-08-06 07:36:27.207000
864;64.85;49227;64.8;27642;64.85;39;2013-08-06 07:36:27.207000
865;64.85;49227;64.8;27642;64.85;316;2013-08-06 07:36:27.207000
866;64.85;49227;64.8;27642;64.85;275;2013-08-06 07:36:27.207000
867;64.85;49227;64.8;27642;64.85;191;2013-08-06 07:36:27.207000
868;64.85;49227;64.8;27642;64.85;500;2013-08-06 07:36:27.207000
869;64.85;49227;64.8;27642;64.85;51;2013-08-06 07:36:27.207000
870;64.85;49227;64.8;27642;64.85;33;2013-08-06 07:36:27.207000
871;64.85;49227;64.8;27642;64.85;416;2013-08-06 07:36:27.207000
872;64.85;49227;64.8;27642;64.85;21176;2013-08-06 07:36:27.207000
873;64.85;49227;64.8;27642;64.85;914;2013-08-06 07:36:27.207000
874;64.85;49227;64.8;27642;64.85;1600;2013-08-06 07:36:27.207000
875;64.85;49227;64.8;27642;64.85;800;2013-08-06 07:36:27.207000
876;64.85;49227;64.8;27642;64.85;6142;2013-08-06 07:36:27.207000
877;64.85;49227;64.8;27642;64.85;1;2013-08-06 07:36:27.207000
878;64.85;49227;64.8;27642;64.85;1059;2013-08-06 07:36:27.207000
879;64.85;49227;64.8;27642;64.85;135;2013-08-06 07:36:27.207000
880;64.85;49227;64.8;27642;64.85;71;2013-08-06 07:36:27.207000
881;64.85;49227;64.8;27642;64.85;355;2013-08-06 07:36:27.207000
882;64.85;49227;64.8;27642;64.85;235;2013-08-06 07:36:27.207000
883;64.85;49227;64.8;27642;64.85;153;2013-08-06 07:36:27.207000
884;64.85;49227;64.8;27642;64.825;491;2013-08-06 07:36:27
885;64.9;31398;64.85;29225;64.5;144;2013-08-06 07:36:28
886;64.9;82528;64.85;24552;64.85;220;2013-08-06 07:36:36.028000
887;64.9;83027;64.85;23011;64.85;80;2013-08-06 07:36:36.409000
888;64.9;83027;64.85;23011;64.85;800;2013-08-06 07:36:36.409000
889;64.9;83027;64.85;23011;64.85;1100;2013-08-06 07:36:36.409000
890;64.9;83027;64.85;23011;64.85;1243;2013-08-06 07:36:36.409000
891;64.9;83027;64.85;23011;64.85;509;2013-08-06 07:36:36.409000
892;64.9;84921;64.85;21879;64.85;248;2013-08-06 07:36:36.682000
893;64.9;84921;64.85;21879;64.85;800;2013-08-06 07:36:36.682000
894;64.9;84921;64.85;21879;64.85;500;2013-08-06 07:36:36.682000
895;64.9;84921;64.85;21879;64.85;8;2013-08-06 07:36:36.682000
896;64.9;84921;64.85;21879;64.85;300;2013-08-06 07:36:36.682000
897;64.9;84921;64.85;21879;64.85;200;2013-08-06 07:36:36.682000
898;64.9;84921;64.85;21879;64.85;600;2013-08-06 07:36:36.682000
899;64.9;84921;64.85;21879;64.85;567;2013-08-06 07:36:36.682000
900;64.9;84921;64.85;21879;64.85;633;2013-08-06 07:36:36.682000
901;64.9;84921;64.85;21879;64.85;1429;2013-08-06 07:36:36.682000
902;64.9;84921;64.85;21879;64.85;800;2013-08-06 07:36:36.695000
903;64.9;84921;64.85;21879;64.85;3299;2013-08-06 07:36:36.696000
904;64.9;84921;64.85;21879;64.85;702;2013-08-06 07:36:36.697000
905;64.9;84921;64.85;21879;64.85;2380;2013-08-06 07:36:36.697000
906;64.9;85721;64.85;16594;64.85;1138;2013-08-06 07:36:36.711000
907;64.9;89577;64.85;6313;64.85;27;2013-08-06 07:36:36.714000
908;64.9;89577;64.85;6313;64.85;823;2013-08-06 07:36:36.714000
909;64.9;89577;64.85;6313;64.85;439;2013-08-06 07:36:36.714000
910;64.9;87688;64.85;6313;64.85;1314;2013-08-06 07:36:36.719000
911;64.9;87688;64.85;6313;64.85;2496;2013-08-06 07:36:36.719000
912;64.9;87688;64.85;6313;64.85;76;2013-08-06 07:36:36.719000
913;64.85;9280;64.8;14216;64.85;489;2013-08-06 07:36:37.123000
914;64.85;8791;64.8;15656;64.85;1124;2013-08-06 07:36:37.162000
915;64.85;6867;64.8;15656;64.8;2;2013-08-06 07:36:37.585000
916;64.85;6867;64.8;15654;64.85;61;2013-08-06 07:36:37.683000
917;64.85;6867;64.8;15654;64.85;1396;2013-08-06 07:36:37.686000
918;64.85;5410;64.8;17551;64.85;1600;2013-08-06 07:36:37.701000
919;64.85;3810;64.8;17551;64.85;2496;2013-08-06 07:36:37.716000
920;64.85;1870;64.8;21232;64.8;2;2013-08-06 07:36:39.265000
921;64.85;2916;64.8;21230;64.8;2;2013-08-06 07:36:40.809000
922;64.85;2916;64.8;21228;64.85;371;2013-08-06 07:36:45.788000
923;64.85;2916;64.8;21228;64.85;70;2013-08-06 07:36:45.789000
924;64.85;2916;64.8;21228;64.85;1046;2013-08-06 07:36:45.789000
925;64.9;82670;64.85;2811;64.85;500;2013-08-06 07:36:46.828000
926;64.9;82670;64.85;2811;64.85;511;2013-08-06 07:36:46.828000
927;64.9;86432;64.8;21723;64.85;467;2013-08-06 07:36:46.998000
928;64.85;533;64.8;20076;64.85;33;2013-08-06 07:36:47.265000
929;64.85;533;64.8;20076;64.85;500;2013-08-06 07:36:47.265000
930;64.9;84080;64.8;20233;64.85;800;2013-08-06 07:36:47.635000
931;64.9;84080;64.8;20233;64.85;200;2013-08-06 07:36:47.635000
932;64.9;84080;64.8;20233;64.85;500;2013-08-06 07:36:47.635000
933;64.85;2291;64.8;15889;64.8;2;2013-08-06 07:36:48.065000
934;64.85;2519;64.8;17662;64.85;1019;2013-08-06 07:36:51.055000
935;64.85;2519;64.8;17662;64.85;1773;2013-08-06 07:36:51.070000
936;64.85;2519;64.8;17662;64.85;500;2013-08-06 07:36:51.070000
937;64.85;2519;64.8;17662;64.85;500;2013-08-06 07:36:51.070000
938;64.85;2519;64.8;17662;64.85;308;2013-08-06 07:36:51.070000
939;64.85;2519;64.8;17662;64.85;500;2013-08-06 07:36:51.070000
940;64.85;2884;64.8;19163;64.85;18;2013-08-06 07:36:51.460000
941;64.9;89675;64.8;21157;64.8;2;2013-08-06 07:36:51.771000
942;64.9;91763;64.8;23108;64.8;2;2013-08-06 07:36:53.585000
943;64.9;91833;64.8;23106;64.8;2;2013-08-06 07:36:57.073000
944;64.9;93133;64.8;23604;64.9;15;2013-08-06 07:36:58.316000
945;64.9;91224;64.8;21702;64.8;2;2013-08-06 07:37:01.832000
946;64.85;4748;64.8;14804;64.85;500;2013-08-06 07:37:05.624000
947;64.85;4748;64.8;14804;64.85;500;2013-08-06 07:37:05.624000
948;64.85;4748;64.8;14804;64.85;500;2013-08-06 07:37:05.624000
949;64.85;4748;64.8;14804;64.85;70;2013-08-06 07:37:05.624000
950;64.85;4748;64.8;14804;64.85;500;2013-08-06 07:37:05.624000
951;64.85;4748;64.8;14804;64.85;800;2013-08-06 07:37:05.624000
952;64.85;4748;64.8;14804;64.85;353;2013-08-06 07:37:05.624000
953;64.85;4748;64.8;14804;64.85;1525;2013-08-06 07:37:05.624000
954;64.9;91973;64.8;17638;64.85;800;2013-08-06 07:37:06.070000
955;64.9;91973;64.8;17638;64.85;800;2013-08-06 07:37:06.070000
956;64.9;91973;64.8;17638;64.85;800;2013-08-06 07:37:06.075000
957;64.9;91973;64.8;17638;64.85;1;2013-08-06 07:37:06.084000
958;64.85;2790;64.8;15304;64.85;490;2013-08-06 07:37:06.717000
959;64.85;2790;64.8;15304;64.85;500;2013-08-06 07:37:06.717000
960;64.85;2790;64.8;15304;64.85;500;2013-08-06 07:37:06.717000
961;64.85;2790;64.8;15304;64.85;800;2013-08-06 07:37:06.717000
962;64.85;2790;64.8;15304;64.85;500;2013-08-06 07:37:06.717000
963;64.85;2790;64.8;15304;64.85;433;2013-08-06 07:37:06.718000
964;64.85;2587;64.8;16639;64.85;367;2013-08-06 07:37:09.505000
965;64.85;2587;64.8;16639;64.85;433;2013-08-06 07:37:09.505000
966;64.85;2587;64.8;16639;64.85;424;2013-08-06 07:37:09.505000
967;64.85;2207;64.8;17665;64.8;2;2013-08-06 07:38:01.568000
968;64.85;5997;64.8;18113;64.8;205;2013-08-06 07:38:04.935000
969;64.85;5997;64.8;18113;64.8;55;2013-08-06 07:38:04.935000
970;64.85;3735;64.8;18076;64.85;265;2013-08-06 07:38:09.121000
971;64.85;3470;64.8;18076;64.8;245;2013-08-06 07:38:09.769000
972;64.85;3470;64.8;17831;64.85;589;2013-08-06 07:38:11.146000
973;64.85;3470;64.8;17831;64.85;500;2013-08-06 07:38:11.146000
974;64.85;3470;64.8;17831;64.85;211;2013-08-06 07:38:11.146000
975;64.85;3470;64.8;17831;64.85;70;2013-08-06 07:38:11.146000
976;64.85;3470;64.8;17831;64.85;97;2013-08-06 07:38:11.146000
977;64.85;3470;64.8;17831;64.85;51;2013-08-06 07:38:11.146000
978;64.85;3470;64.8;17831;64.85;57;2013-08-06 07:38:11.146000
979;64.85;3470;64.8;17831;64.85;923;2013-08-06 07:38:11.146000
980;64.85;1112;64.8;17776;64.85;500;2013-08-06 07:38:15.260000
981;64.85;140;64.8;17776;64.8;2;2013-08-06 07:38:15.377000
982;64.85;2101;64.8;18093;64.85;2;2013-08-06 07:38:20.379000
983;64.85;4447;64.8;19156;64.8;498;2013-08-06 07:38:40.930000
984;64.85;4447;64.8;19156;64.8;1400;2013-08-06 07:38:40.930000
985;64.85;4447;64.8;19156;64.8;300;2013-08-06 07:38:40.930000
986;64.85;4447;64.8;19156;64.8;2000;2013-08-06 07:38:40.930000
987;64.85;4447;64.8;19156;64.8;302;2013-08-06 07:38:40.930000
988;64.85;10939;64.8;15259;64.85;138;2013-08-06 07:39:05.661000
989;64.85;10939;64.8;15259;64.85;9;2013-08-06 07:39:05.661000
990;64.85;10939;64.8;15259;64.85;13;2013-08-06 07:39:05.661000
991;64.85;4008;64.8;18358;64.8;105;2013-08-06 07:39:47.001000
992;64.85;4008;64.8;18541;64.85;44;2013-08-06 07:39:47.834000
993;64.85;4008;64.8;18541;64.85;73;2013-08-06 07:39:47.834000
994;64.85;4008;64.8;18541;64.85;683;2013-08-06 07:39:47.834000
995;64.85;3208;64.8;20438;64.85;1017;2013-08-06 07:39:47.849000
996;64.85;3208;64.8;20438;64.85;884;2013-08-06 07:39:47.849000
997;64.85;3208;64.8;20438;64.85;800;2013-08-06 07:39:47.849000
998;64.85;3208;64.8;20438;64.85;316;2013-08-06 07:39:47.849000
999;64.85;3208;64.8;20438;64.85;97;2013-08-06 07:39:47.849000
1000;64.85;3208;64.8;20438;64.85;94;2013-08-06 07:39:47.849000
1001;64.85;3208;64.8;22335;64.85;800;2013-08-06 07:39:47.861000
1002;64.85;3208;64.8;22335;64.85;800;2013-08-06 07:39:47.861000
1003;64.85;3208;64.8;22335;64.85;500;2013-08-06 07:39:47.861000
1004;64.85;3208;64.8;22335;64.85;500;2013-08-06 07:39:47.861000
1005;64.85;3208;64.8;22335;64.85;500;2013-08-06 07:39:47.861000
1006;64.85;3208;64.8;22335;64.85;499;2013-08-06 07:39:47.861000
1007;64.9;37741;64.85;3600;64.85;10;2013-08-06 07:39:47.876000
1008;64.9;40829;64.8;31810;64.85;500;2013-08-06 07:39:47.879000
1009;64.9;40829;64.8;31810;64.85;300;2013-08-06 07:39:47.879000
1010;64.9;36041;64.85;10;64.85;200;2013-08-06 07:39:47.885000
1011;64.9;36041;64.85;10;64.85;500;2013-08-06 07:39:47.885000
1012;64.9;40529;64.8;25432;64.825;22;2013-08-06 07:39:48
1013;64.9;40529;64.8;25432;64.85;532;2013-08-06 07:39:48
1014;64.85;1344;64.8;19773;64.8;318;2013-08-06 07:39:56.455000
1015;64.85;1344;64.8;19773;64.8;12;2013-08-06 07:39:56.455000
1016;64.85;6800;64.8;20054;64.85;103;2013-08-06 07:40:08.124000
1017;64.85;976;64.8;25765;64.85;697;2013-08-06 07:40:22.478000
1018;64.85;976;64.8;25765;64.85;44;2013-08-06 07:40:22.478000
1019;64.85;976;64.8;25765;64.85;70;2013-08-06 07:40:22.478000
1020;64.85;976;64.8;25765;64.85;103;2013-08-06 07:40:22.478000
1021;64.85;976;64.8;25765;64.85;62;2013-08-06 07:40:22.478000
1022;64.9;43015;64.8;26535;64.8;117;2013-08-06 07:40:22.975000
1023;64.9;45031;64.8;26418;64.9;20;2013-08-06 07:40:25.893000
1024;64.85;709;64.8;21854;64.85;100;2013-08-06 07:40:31.228000
1025;64.85;2955;64.8;27098;64.85;200;2013-08-06 07:40:46.350000
1026;64.85;4645;64.8;23658;64.85;80;2013-08-06 07:41:05.993000
1027;64.85;4565;64.8;23658;64.85;132;2013-08-06 07:41:06.348000
1028;64.85;3563;64.8;24864;64.8;200;2013-08-06 07:41:50.141000
1029;64.85;4312;64.8;24664;64.85;2;2013-08-06 07:41:59.944000
1030;64.85;4310;64.8;24557;64.85;103;2013-08-06 07:42:06.193000
1031;64.85;4759;64.8;26278;64.85;92;2013-08-06 07:42:49.368000
1032;64.85;4759;64.8;26278;64.85;293;2013-08-06 07:42:49.368000
1033;64.85;3556;64.8;30072;64.85;136;2013-08-06 07:42:52.838000
1034;64.85;3556;64.8;30072;64.85;664;2013-08-06 07:42:52.838000
1035;64.85;3556;64.8;30072;64.85;320;2013-08-06 07:42:52.851000
1036;64.85;971;64.8;29768;64.85;16;2013-08-06 07:42:52.941000
1037;64.85;971;64.8;29768;64.85;95;2013-08-06 07:42:52.941000
1038;64.85;971;64.8;29768;64.85;154;2013-08-06 07:42:52.941000
1039;64.85;971;64.8;29768;64.85;535;2013-08-06 07:42:52.941000
1040;64.85;171;64.8;30985;64.85;35;2013-08-06 07:43:01.221000
1041;64.85;171;64.8;30985;64.85;65;2013-08-06 07:43:01.221000
1042;64.85;805;64.8;32459;64.85;66;2013-08-06 07:43:06.040000
1043;64.85;805;64.8;32459;64.85;67;2013-08-06 07:43:06.040000
1044;64.85;1237;64.8;31276;64.85;300;2013-08-06 07:43:15.264000
1045;64.85;937;64.8;31276;64.85;367;2013-08-06 07:43:22.146000
1046;64.85;937;64.8;31276;64.85;5;2013-08-06 07:43:22.146000
1047;64.85;937;64.8;31276;64.85;428;2013-08-06 07:43:22.146000
1048;64.85;65;64.8;30476;64.85;65;2013-08-06 07:43:24.040000
1049;64.85;65;64.8;30476;64.9;2;2013-08-06 07:43:24.040000
1050;64.9;45437;64.8;31385;64.85;2;2013-08-06 07:43:33.040000
1051;64.9;45437;64.8;31385;64.85;15;2013-08-06 07:43:33.053000
1052;64.9;45517;64.8;30479;64.9;882;2013-08-06 07:43:34.409000
1053;64.85;897;64.8;27126;64.85;97;2013-08-06 07:43:52.164000
1054;64.85;897;64.8;27126;64.85;703;2013-08-06 07:43:52.164000
1055;64.9;46390;64.8;30488;64.85;281;2013-08-06 07:44:22.178000
1056;64.9;46390;64.8;30488;64.85;519;2013-08-06 07:44:22.178000
1057;64.9;46390;64.8;30488;64.85;281;2013-08-06 07:44:22.178000
1058;64.9;46390;64.8;30488;64.85;482;2013-08-06 07:44:22.178000
1059;64.9;46390;64.8;30488;64.85;78;2013-08-06 07:44:22.191000
1060;64.9;43535;64.85;588;64.85;510;2013-08-06 07:44:22.196000
1061;64.9;43535;64.85;588;64.85;4;2013-08-06 07:44:22.196000
1062;64.85;3;64.8;31718;64.85;3;2013-08-06 07:44:35.023000
1063;64.9;36090;64.85;3101;64.85;372;2013-08-06 07:44:35.645000
1064;64.9;36090;64.85;3101;64.9;500;2013-08-06 07:44:37.871000
1065;64.9;37046;64.85;3101;64.85;232;2013-08-06 07:44:41.739000
1066;64.9;36210;64.85;24928;64.85;112;2013-08-06 07:45:33.536000
1067;64.9;34968;64.85;24816;64.85;84;2013-08-06 07:45:45.521000
1068;64.9;34968;64.85;24816;64.85;49;2013-08-06 07:45:45.521000
1069;64.9;34968;64.85;24683;64.85;300;2013-08-06 07:45:50.497000
1070;64.9;34968;64.85;24383;64.85;94;2013-08-06 07:45:52.834000
1071;64.9;37155;64.85;24289;64.85;57;2013-08-06 07:46:01.568000
1072;64.9;37155;64.85;24289;64.85;30;2013-08-06 07:46:01.568000
1073;64.9;39232;64.85;23420;64.85;470;2013-08-06 07:46:13.746000
1074;64.9;39232;64.85;23420;64.85;500;2013-08-06 07:46:13.746000
1075;64.9;39232;64.85;23420;64.85;551;2013-08-06 07:46:13.746000
1076;64.9;44793;64.85;21899;64.85;117;2013-08-06 07:46:14.162000
1077;64.9;44793;64.85;21782;64.85;132;2013-08-06 07:46:18.465000
1078;64.9;44793;64.85;21782;64.85;372;2013-08-06 07:46:18.465000
1079;64.9;44793;64.85;21782;64.85;496;2013-08-06 07:46:18.465000
1080;64.9;44793;64.85;20782;64.85;102;2013-08-06 07:46:22.256000
1081;64.9;44793;64.85;20680;64.85;402;2013-08-06 07:46:27.163000
1082;64.9;44793;64.85;20680;64.85;68;2013-08-06 07:46:27.163000
1083;64.9;44793;64.85;20210;64.85;96;2013-08-06 07:46:31.975000
1084;64.9;44793;64.85;20114;64.85;172;2013-08-06 07:46:33.414000
1085;64.9;44793;64.85;20114;64.85;287;2013-08-06 07:46:33.414000
1086;64.9;44793;64.85;19655;64.85;211;2013-08-06 07:46:35.631000
1087;64.9;44530;64.85;18644;64.85;167;2013-08-06 07:46:48.381000
1088;64.9;44530;64.85;18477;64.85;70;2013-08-06 07:46:56.703000
1089;64.9;44530;64.85;18407;64.85;139;2013-08-06 07:46:57.912000
1090;64.9;39741;64.85;18268;64.85;89;2013-08-06 07:47:18.178000
1091;64.9;34724;64.85;21417;64.9;821;2013-08-06 07:47:44.592000
1092;64.9;34724;64.85;21417;64.9;11101;2013-08-06 07:47:44.604000
1093;64.9;34724;64.85;21417;64.9;800;2013-08-06 07:47:44.604000
1094;64.9;34724;64.85;21417;64.9;197;2013-08-06 07:47:44.605000
1095;64.9;34724;64.85;21417;64.9;800;2013-08-06 07:47:44.605000
1096;64.9;34724;64.85;21417;64.9;2869;2013-08-06 07:47:44.605000
1097;64.9;34724;64.85;21417;64.9;700;2013-08-06 07:47:44.605000
1098;64.9;34724;64.85;21417;64.9;800;2013-08-06 07:47:44.605000
1099;64.9;27603;64.85;28540;64.9;4758;2013-08-06 07:47:44.608000
1100;64.9;27603;64.85;28540;64.9;179;2013-08-06 07:47:44.608000
1101;64.9;27603;64.85;28540;64.9;179;2013-08-06 07:47:44.613000
1102;64.9;27416;64.85;28540;64.9;377;2013-08-06 07:47:44.617000
1103;64.9;27416;64.85;28540;64.9;371;2013-08-06 07:47:44.617000
1104;64.9;27416;64.85;28540;64.9;252;2013-08-06 07:47:44.617000
1105;64.9;27416;64.85;28540;64.9;603;2013-08-06 07:47:44.617000
1106;64.9;3912;64.85;31835;64.9;369;2013-08-06 07:47:44.627000
1107;64.9;3912;64.85;31835;64.9;1132;2013-08-06 07:47:44.627000
1108;64.9;3912;64.85;31835;64.9;42;2013-08-06 07:47:44.627000
1109;64.9;3912;64.85;31835;64.9;70;2013-08-06 07:47:44.627000
1110;64.9;3912;64.85;31835;64.9;96;2013-08-06 07:47:44.627000
1111;64.9;3912;64.85;31835;64.9;136;2013-08-06 07:47:44.627000
1112;64.9;3912;64.85;31835;64.9;157;2013-08-06 07:47:44.627000
1113;64.9;3912;64.85;31835;64.9;58;2013-08-06 07:47:44.627000
1114;64.9;3912;64.85;31835;64.9;70;2013-08-06 07:47:44.627000
1115;64.95;30635;64.9;6775;64.9;111;2013-08-06 07:47:44.756000
1116;64.95;22021;64.9;4471;64.95;2;2013-08-06 07:47:47.247000
1117;64.95;17446;64.9;27788;64.95;298;2013-08-06 07:47:54.962000
1118;64.95;17446;64.9;27788;64.95;77;2013-08-06 07:47:54.962000
1119;64.95;17446;64.9;27788;64.95;213;2013-08-06 07:47:54.962000
1120;64.95;16302;64.9;27788;64.95;967;2013-08-06 07:47:57.478000
1121;64.95;16302;64.9;27788;64.95;33;2013-08-06 07:47:57.478000
1122;64.95;12838;64.9;33941;64.95;150;2013-08-06 07:48:03.098000
1123;64.95;12688;64.9;33041;64.95;17;2013-08-06 07:48:04.519000
1124;64.95;12688;64.9;33041;64.95;1000;2013-08-06 07:48:04.519000
1125;64.95;12688;64.9;33041;64.95;500;2013-08-06 07:48:04.519000
1126;64.95;12688;64.9;33041;64.95;500;2013-08-06 07:48:04.519000
1127;64.95;12688;64.9;33041;64.95;196;2013-08-06 07:48:04.519000
1128;64.95;12688;64.9;33041;64.95;787;2013-08-06 07:48:04.519000
1129;64.95;12688;64.9;33041;64.95;1213;2013-08-06 07:48:04.519000
1130;64.95;12688;64.9;33041;64.95;392;2013-08-06 07:48:04.519000
1131;64.95;12688;64.9;33041;64.95;500;2013-08-06 07:48:04.533000
1132;64.95;12688;64.9;33041;64.95;71;2013-08-06 07:48:04.533000
1133;64.95;12688;64.9;33041;64.95;229;2013-08-06 07:48:04.533000
1134;64.95;12688;64.9;33041;64.95;1106;2013-08-06 07:48:04.534000
1135;64.95;12688;64.9;33041;64.95;541;2013-08-06 07:48:04.534000
1136;64.95;12688;64.9;33041;64.95;28;2013-08-06 07:48:04.534000
1137;64.95;12688;64.9;33041;64.95;52;2013-08-06 07:48:04.534000
1138;64.95;12688;64.9;33041;64.95;70;2013-08-06 07:48:04.534000
1139;64.95;12688;64.9;33041;64.95;595;2013-08-06 07:48:04.534000
1140;64.95;12688;64.9;33041;64.95;629;2013-08-06 07:48:04.534000
1141;65.0;130970;64.95;1328;64.95;171;2013-08-06 07:48:05.611000
1142;65.0;130970;64.95;1328;64.95;629;2013-08-06 07:48:05.611000
1143;65.0;130970;64.95;1328;64.95;27;2013-08-06 07:48:05.611000
1144;65.0;130970;64.95;1328;64.95;1;2013-08-06 07:48:05.611000
1145;65.0;130970;64.95;1328;64.95;499;2013-08-06 07:48:05.611000
1146;65.0;130970;64.95;1328;64.95;1;2013-08-06 07:48:05.612000
1147;65.0;140337;64.9;30059;65.0;2;2013-08-06 07:48:06.038000
1148;65.0;142439;64.9;32481;65.0;18;2013-08-06 07:48:07.379000
1149;64.95;2;64.9;28916;64.95;2;2013-08-06 07:48:13.547000
1150;64.95;2;64.9;28916;65.0;78;2013-08-06 07:48:13.547000
1151;65.0;143685;64.9;30984;64.95;2492;2013-08-06 07:48:14.872000
1152;65.0;143685;64.9;30984;64.95;669;2013-08-06 07:48:14.872000
1153;64.95;924;64.9;30435;64.95;53;2013-08-06 07:48:40.120000
1154;64.95;924;64.9;30435;64.95;747;2013-08-06 07:48:40.120000
1155;64.95;924;64.9;30435;64.95;71;2013-08-06 07:48:40.120000
1156;64.95;924;64.9;30435;64.95;729;2013-08-06 07:48:40.120000
1157;64.95;924;64.9;30435;64.95;800;2013-08-06 07:48:40.124000
1158;65.0;116797;64.9;30895;64.95;2;2013-08-06 07:48:50.968000
1159;65.0;116797;64.9;30895;64.95;2;2013-08-06 07:48:50.982000
1160;64.95;27354;64.9;31332;64.95;300;2013-08-06 07:49:03.051000
1161;64.95;27054;64.9;30873;64.95;2000;2013-08-06 07:49:25.392000
1162;64.95;50228;64.9;28711;64.9;800;2013-08-06 07:49:49.468000
1163;64.95;50228;64.9;28711;64.9;500;2013-08-06 07:49:49.468000
1164;64.95;50228;64.9;28711;64.9;500;2013-08-06 07:49:49.468000
1165;64.95;50228;64.9;28711;64.9;881;2013-08-06 07:49:49.468000
1166;64.95;50228;64.9;28711;64.9;319;2013-08-06 07:49:49.468000
1167;64.95;64077;64.9;26142;64.9;181;2013-08-06 07:49:52.125000
1168;64.95;64077;64.9;26142;64.9;29;2013-08-06 07:49:52.125000
1169;64.95;63721;64.9;30167;64.9;95;2013-08-06 07:50:01.463000
1170;64.95;61328;64.9;29637;64.9;1400;2013-08-06 07:50:03.552000
1171;64.95;63221;64.9;29873;64.9;95;2013-08-06 07:50:05.935000
1172;64.95;53570;64.9;29778;64.9;88;2013-08-06 07:50:18.123000
1173;64.95;52193;64.9;29690;64.9;88;2013-08-06 07:50:29.904000
1174;64.95;52193;64.9;30056;64.9;500;2013-08-06 07:50:30.364000
1175;64.95;52193;64.9;30473;64.9;90;2013-08-06 07:50:41.890000
1176;64.95;50300;64.9;30611;64.95;238;2013-08-06 07:50:44.760000
1177;64.95;49018;64.9;30611;64.9;98;2013-08-06 07:50:48.589000
1178;64.95;48434;64.9;31905;64.9;88;2013-08-06 07:51:03.011000
1179;64.95;47543;64.9;32800;64.95;134;2013-08-06 07:51:06.661000
1180;64.95;47470;64.9;34694;64.9;92;2013-08-06 07:51:09.104000
1181;64.95;47470;64.9;32708;64.95;150;2013-08-06 07:51:15.810000
1182;64.95;47320;64.9;32708;64.9;92;2013-08-06 07:51:17.672000
1183;64.95;47560;64.9;31224;64.9;127;2013-08-06 07:51:22.514000
1184;64.95;49636;64.9;30914;64.9;88;2013-08-06 07:51:30.229000
1185;64.95;49636;64.9;30826;64.9;98;2013-08-06 07:51:34.900000
1186;64.95;49636;64.9;31364;64.9;97;2013-08-06 07:51:45.464000
1187;64.95;46020;64.9;32312;64.9;86;2013-08-06 07:52:05.722000
1188;64.95;46020;64.9;32226;64.95;133;2013-08-06 07:52:06.505000
1189;64.95;45887;64.9;32268;64.9;50;2013-08-06 07:52:14.737000
1190;64.95;45787;64.9;32218;64.9;92;2013-08-06 07:52:16.338000
1191;64.95;45787;64.9;32577;64.9;94;2013-08-06 07:52:22.636000
1192;64.95;47702;64.9;31175;64.9;97;2013-08-06 07:52:31.174000
1193;64.95;48182;64.9;32247;64.9;103;2013-08-06 07:52:36.245000
1194;64.95;46733;64.9;32313;64.95;400;2013-08-06 07:52:52.880000
1195;64.95;46333;64.9;34207;64.9;90;2013-08-06 07:52:55.137000
1196;64.95;46813;64.9;30885;64.9;139;2013-08-06 07:52:59.200000
1197;64.95;46333;64.9;32094;64.9;380;2013-08-06 07:53:06.888000
1198;64.95;46333;64.9;31714;64.95;133;2013-08-06 07:53:07.349000
1199;64.95;46600;64.9;33608;64.9;100;2013-08-06 07:53:16.913000
1200;64.95;46600;64.9;32301;64.9;91;2013-08-06 07:53:17.486000
1201;64.95;46600;64.9;32210;64.9;89;2013-08-06 07:53:25.403000
1202;64.95;48973;64.9;30773;64.9;225;2013-08-06 07:53:31.091000
1203;64.95;49156;64.9;30365;64.95;500;2013-08-06 07:53:33.154000
1204;64.95;46055;64.9;32990;64.9;2000;2013-08-06 07:54:00.303000
1205;64.95;48428;64.9;30990;64.9;169;2013-08-06 07:54:00.544000
1206;64.95;48428;64.9;29339;64.9;338;2013-08-06 07:54:05.826000
1207;64.95;48428;64.9;29001;64.95;161;2013-08-06 07:54:07.191000
1208;64.95;53576;64.9;21788;64.9;94;2013-08-06 07:54:39.347000
1209;64.95;53576;64.9;21694;64.9;93;2013-08-06 07:54:43.404000
1210;64.95;55469;64.9;21601;64.9;95;2013-08-06 07:54:49.708000
1211;64.95;55469;64.9;22405;64.9;94;2013-08-06 07:55:02.702000
1212;64.95;55469;64.9;22311;64.9;93;2013-08-06 07:55:16.113000
1213;64.95;55469;64.9;22212;64.9;88;2013-08-06 07:55:23.426000
1214;64.95;55469;64.9;22124;64.9;130;2013-08-06 07:55:26.079000
1215;64.95;55469;64.9;21994;64.9;97;2013-08-06 07:55:34.593000
1216;64.95;59280;64.9;21897;64.95;500;2013-08-06 07:55:48
1217;64.95;59225;64.9;21897;64.9;111;2013-08-06 07:55:50.843000
1218;64.95;59361;64.9;21666;64.9;90;2013-08-06 07:55:58.365000
1219;64.95;65907;64.9;21576;64.9;95;2013-08-06 07:56:11.969000
1220;64.95;65908;64.9;21768;64.9;138;2013-08-06 07:56:22.333000
1221;64.95;61008;64.9;22959;64.9;90;2013-08-06 07:56:40.624000
1222;64.95;60608;64.9;22869;64.9;99;2013-08-06 07:56:49.359000
1223;64.95;60608;64.9;22770;64.95;310;2013-08-06 07:56:51.225000
1224;64.95;60298;64.9;22770;64.9;6113;2013-08-06 07:56:52.956000
1225;64.95;60298;64.9;22770;64.9;900;2013-08-06 07:56:52.956000
1226;64.95;60298;64.9;22770;64.9;2000;2013-08-06 07:56:52.956000
1227;64.95;60298;64.9;22770;64.9;2000;2013-08-06 07:56:52.956000
1228;64.95;60298;64.9;22770;64.9;100;2013-08-06 07:56:52.956000
1229;64.95;60298;64.9;22770;64.9;187;2013-08-06 07:56:52.956000
1230;64.95;60698;64.9;15415;64.95;300;2013-08-06 07:56:56.639000
1231;64.95;62534;64.9;15415;64.9;92;2013-08-06 07:56:59.906000
1232;64.95;62908;64.9;16123;64.95;550;2013-08-06 07:57:08.134000
1233;64.95;62358;64.9;16123;64.9;93;2013-08-06 07:57:10.468000
1234;64.95;67868;64.9;16030;64.9;105;2013-08-06 07:57:19.813000
1235;64.95;65575;64.9;21704;64.9;111;2013-08-06 07:57:26.927000
1236;64.95;65575;64.9;22293;64.9;98;2013-08-06 07:57:35.454000
1237;64.95;60219;64.9;23235;64.9;91;2013-08-06 07:57:45.819000
1238;64.95;59048;64.9;23144;64.9;200;2013-08-06 07:58:02.474000
1239;64.95;57155;64.9;22944;64.9;111;2013-08-06 07:58:05.670000
1240;64.95;57155;64.9;22944;64.9;89;2013-08-06 07:58:05.670000
1241;64.95;57155;64.9;23862;64.9;102;2013-08-06 07:58:31.521000
1242;64.95;57155;64.9;23837;64.9;113;2013-08-06 07:58:41.674000
1243;64.95;60375;64.9;23053;64.9;161;2013-08-06 07:58:46.346000
1244;64.95;62268;64.9;23692;64.9;102;2013-08-06 07:58:52.239000
1245;64.95;62268;64.9;23590;64.9;61;2013-08-06 07:59:03.007000
1246;64.95;62268;64.9;23590;64.9;33;2013-08-06 07:59:03.007000
1247;64.95;62268;64.9;23496;64.9;429;2013-08-06 07:59:05.528000
1248;64.95;62268;64.9;23496;64.9;71;2013-08-06 07:59:05.528000
1249;64.95;59048;64.9;24510;64.9;127;2013-08-06 07:59:20.471000
1250;64.95;58977;64.9;24483;64.9;93;2013-08-06 07:59:36.519000
1251;64.95;57084;64.9;24390;64.95;10000;2013-08-06 07:59:44.413000
1252;64.95;46524;64.9;24976;64.9;88;2013-08-06 07:59:49.323000
1253;64.95;46524;64.9;24888;64.9;52;2013-08-06 07:59:59.472000
1254;64.95;46524;64.9;24888;64.9;37;2013-08-06 07:59:59.472000
1255;64.95;50707;64.9;27182;64.95;400;2013-08-06 08:00:04.215000
1256;64.95;48106;64.9;29620;64.9;97;2013-08-06 08:00:10.442000
1257;64.95;47993;64.9;29523;64.9;91;2013-08-06 08:00:23.239000
1258;64.95;48375;64.9;29346;64.9;211;2013-08-06 08:00:41.078000
1259;64.95;48375;64.9;29346;64.9;454;2013-08-06 08:00:41.078000
1260;64.95;48375;64.9;29346;64.9;445;2013-08-06 08:00:41.078000
1261;64.95;48375;64.9;29346;64.9;62;2013-08-06 08:00:41.078000
1262;64.95;48375;64.9;29346;64.9;190;2013-08-06 08:00:41.078000
1263;64.95;48375;64.9;29346;64.9;300;2013-08-06 08:00:41.078000
1264;64.95;48375;64.9;29346;64.9;100;2013-08-06 08:00:41.078000
1265;64.95;48375;64.9;29346;64.9;4974;2013-08-06 08:00:41.078000
1266;64.95;48375;64.9;29346;64.9;300;2013-08-06 08:00:41.078000
1267;64.95;48375;64.9;29346;64.9;800;2013-08-06 08:00:41.078000
1268;64.95;48375;64.9;29346;64.9;164;2013-08-06 08:00:41.078000
1269;64.95;50268;64.9;25184;64.9;123;2013-08-06 08:00:42.536000
1270;64.95;56478;64.9;28331;64.9;86;2013-08-06 08:01:27.430000
1271;64.95;56478;64.9;28245;64.9;93;2013-08-06 08:01:32.510000
1272;64.95;56478;64.9;27352;64.9;103;2013-08-06 08:01:38.600000
1273;64.95;56478;64.9;28158;64.9;101;2013-08-06 08:01:44.490000
1274;64.95;56478;64.9;28057;64.9;250;2013-08-06 08:01:46.036000
1275;64.95;50598;64.9;27807;64.9;106;2013-08-06 08:01:53.634000
1276;64.95;50598;64.9;29487;64.9;86;2013-08-06 08:02:00.538000
1277;64.95;52425;64.9;28599;64.9;91;2013-08-06 08:02:05.209000
1278;64.95;52425;64.9;28508;64.9;109;2013-08-06 08:02:12.116000
1279;64.95;52425;64.9;28399;64.9;114;2013-08-06 08:02:19.435000
1280;64.95;54318;64.9;28285;64.9;140;2013-08-06 08:02:24.303000
1281;64.95;54636;64.9;28556;64.9;89;2013-08-06 08:02:31.418000
1282;64.95;54636;64.9;28467;64.9;88;2013-08-06 08:02:38.537000
1283;64.95;70278;64.9;27579;64.9;110;2013-08-06 08:02:45.429000
1284;64.95;61152;64.9;27469;64.9;89;2013-08-06 08:03:03.509000
1285;64.95;61320;64.9;28280;64.9;58;2013-08-06 08:03:16.102000
1286;64.95;61320;64.9;28280;64.9;30;2013-08-06 08:03:16.102000
1287;64.95;61320;64.9;28192;64.9;107;2013-08-06 08:03:22.804000
1288;64.95;61320;64.9;28085;64.9;86;2013-08-06 08:03:34.992000
1289;64.95;49455;64.9;28799;64.9;60;2013-08-06 08:04:06.242000
1290;64.95;49455;64.9;28739;64.9;133;2013-08-06 08:04:07.493000
1291;64.95;60175;64.9;29106;64.9;96;2013-08-06 08:04:12.570000
1292;64.95;65175;64.9;28979;64.9;88;2013-08-06 08:04:19.680000
1293;64.95;70175;64.9;28891;64.9;87;2013-08-06 08:04:29.436000
1294;64.95;70175;64.9;28804;64.9;90;2013-08-06 08:04:42.228000
1295;64.95;70175;64.9;28714;64.9;95;2013-08-06 08:04:50.150000
1296;64.95;69155;64.9;29639;64.95;1000;2013-08-06 08:04:57.882000
1297;64.95;68155;64.9;29639;64.9;85;2013-08-06 08:04:59.697000
1298;64.95;69707;64.9;32054;64.95;375;2013-08-06 08:05:10.572000
1299;64.95;67439;64.9;32054;64.9;95;2013-08-06 08:05:11.089000
1300;64.95;60201;64.9;31959;64.9;92;2013-08-06 08:05:30.980000
1301;64.95;60193;64.9;31867;64.9;90;2013-08-06 08:05:38.901000
1302;64.95;57857;64.9;33997;64.9;101;2013-08-06 08:05:51.092000
1303;64.95;65373;64.9;33896;64.9;96;2013-08-06 08:06:02.666000
1304;64.95;65373;64.9;34300;64.9;94;2013-08-06 08:06:17.090000
1305;64.95;65835;64.9;34206;64.95;150;2013-08-06 08:06:35.655000
1306;64.95;65685;64.9;34206;64.9;88;2013-08-06 08:06:36.187000
1307;64.95;65221;64.9;34118;64.9;600;2013-08-06 08:06:45
1308;64.95;65221;64.9;34813;64.95;400;2013-08-06 08:06:45.599000
1309;64.95;62980;64.9;34813;64.9;90;2013-08-06 08:06:46.949000
1310;64.95;62980;64.9;34003;64.9;92;2013-08-06 08:06:58.121000
1311;64.95;64872;64.9;33911;64.9;88;2013-08-06 08:07:12.171000
1312;64.95;64872;64.9;35023;64.9;117;2013-08-06 08:07:13.196000
1313;64.95;64872;64.9;35023;64.9;300;2013-08-06 08:07:13.196000
1314;64.95;64872;64.9;35023;64.9;583;2013-08-06 08:07:13.196000
1315;64.95;64872;64.9;34023;64.9;88;2013-08-06 08:07:22.294000
1316;64.95;64872;64.9;33935;64.9;600;2013-08-06 08:07:30.331000
1317;64.95;65343;64.9;33335;64.9;89;2013-08-06 08:07:33.060000
1318;64.95;67236;64.9;33246;64.95;200;2013-08-06 08:07:37.018000
1319;64.95;63881;64.9;33595;64.9;94;2013-08-06 08:07:44.434000
1320;64.95;63881;64.9;33501;64.9;85;2013-08-06 08:07:54.590000
1321;64.95;63881;64.9;33416;64.9;86;2013-08-06 08:08:04.954000
1322;64.95;63881;64.9;33330;64.8;9000;2013-08-06 08:08:05
1323;64.95;62235;64.9;35396;64.9;86;2013-08-06 08:08:15.328000
1324;64.95;63881;64.9;35310;64.95;500;2013-08-06 08:08:24.893000
1325;64.95;63381;64.9;35310;64.9;91;2013-08-06 08:08:26.279000
1326;64.95;63381;64.9;34999;64.9;791;2013-08-06 08:08:30.549000
1327;64.95;63381;64.9;34999;64.9;25;2013-08-06 08:08:30.549000
1328;64.95;57894;64.9;36155;64.8;10500;2013-08-06 08:08:35
1329;64.95;56270;64.9;36155;64.9;20;2013-08-06 08:08:39.516000
1330;64.95;57916;64.9;36135;64.95;380;2013-08-06 08:08:39.658000
1331;64.95;55643;64.9;36935;64.9;91;2013-08-06 08:08:40.295000
1332;64.95;55643;64.9;36844;64.9;88;2013-08-06 08:08:50.857000
1333;64.95;55643;64.9;36756;64.9;91;2013-08-06 08:09:01.826000
1334;64.95;57536;64.9;35865;64.9;225;2013-08-06 08:09:05.955000
1335;64.95;57536;64.9;36570;64.9;87;2013-08-06 08:09:18.686000
1336;64.95;57536;64.9;36483;64.9;90;2013-08-06 08:09:26.622000
1337;64.95;57536;64.9;36393;64.9;600;2013-08-06 08:09:28.035000
1338;64.95;59429;64.9;35793;64.95;1286;2013-08-06 08:09:33.538000
1339;64.95;59429;64.9;35793;64.95;500;2013-08-06 08:09:33.538000
1340;64.95;59429;64.9;35793;64.95;800;2013-08-06 08:09:33.538000
1341;64.95;59429;64.9;35793;64.95;96;2013-08-06 08:09:33.538000
1342;64.95;59429;64.9;35793;64.95;25000;2013-08-06 08:09:33.538000
1343;64.95;59429;64.9;35793;64.95;22;2013-08-06 08:09:33.538000
1344;64.95;59429;64.9;35793;64.95;1000;2013-08-06 08:09:33.538000
1345;64.95;59429;64.9;35793;64.95;300;2013-08-06 08:09:33.538000
1346;64.95;59429;64.9;35793;64.95;2000;2013-08-06 08:09:33.538000
1347;64.95;59429;64.9;35793;64.95;2000;2013-08-06 08:09:33.538000
1348;64.95;59429;64.9;35793;64.95;700;2013-08-06 08:09:33.538000
1349;64.95;59429;64.9;35793;64.95;773;2013-08-06 08:09:33.538000
1350;64.95;59429;64.9;35793;64.95;800;2013-08-06 08:09:33.538000
1351;64.95;59429;64.9;35793;64.95;720;2013-08-06 08:09:33.538000
1352;64.95;59429;64.9;35793;64.95;1290;2013-08-06 08:09:33.538000
1353;64.95;59429;64.9;35793;64.95;200;2013-08-06 08:09:33.538000
1354;64.95;59429;64.9;35793;64.95;70;2013-08-06 08:09:33.538000
1355;64.95;59429;64.9;35793;64.95;162;2013-08-06 08:09:33.538000
1356;64.95;59429;64.9;35793;64.95;153;2013-08-06 08:09:33.538000
1357;64.95;59429;64.9;35793;64.95;153;2013-08-06 08:09:33.538000
1358;64.95;59429;64.9;35793;64.95;153;2013-08-06 08:09:33.538000
1359;64.95;59429;64.9;35793;64.95;1827;2013-08-06 08:09:33.538000
1360;64.95;59429;64.9;35793;64.95;174;2013-08-06 08:09:33.538000
1361;64.95;59429;64.9;35793;64.95;168;2013-08-06 08:09:33.538000
1362;64.95;59429;64.9;35793;64.95;100;2013-08-06 08:09:33.538000
1363;64.95;59429;64.9;35793;64.95;5000;2013-08-06 08:09:33.538000
1364;64.95;59429;64.9;35793;64.95;4513;2013-08-06 08:09:33.538000
1365;64.95;59429;64.9;35793;64.95;487;2013-08-06 08:09:33.538000
1366;64.95;59429;64.9;35793;64.95;1088;2013-08-06 08:09:33.538000
1367;64.95;59429;64.9;35793;64.95;470;2013-08-06 08:09:33.538000
1368;64.95;59429;64.9;35793;64.95;136;2013-08-06 08:09:33.538000
1369;64.95;59429;64.9;35793;64.95;171;2013-08-06 08:09:33.538000
1370;64.95;59429;64.9;35793;64.95;291;2013-08-06 08:09:33.539000
1371;64.95;59429;64.9;35793;64.95;52;2013-08-06 08:09:33.539000
1372;64.95;59429;64.9;35793;64.95;471;2013-08-06 08:09:33.539000
1373;64.95;59429;64.9;35793;64.95;71;2013-08-06 08:09:33.539000
1374;64.95;59429;64.9;35793;64.95;1646;2013-08-06 08:09:33.539000
1375;64.95;59429;64.9;35793;64.95;1893;2013-08-06 08:09:33.539000
1376;64.95;59429;64.9;35793;64.95;800;2013-08-06 08:09:33.544000
1377;64.95;59429;64.9;35793;64.95;434;2013-08-06 08:09:33.544000
1378;64.95;59429;64.9;35793;64.95;366;2013-08-06 08:09:33.544000
1379;64.95;59429;64.9;35793;64.95;1284;2013-08-06 08:09:33.545000
1380;64.95;59429;64.9;35793;64.95;500;2013-08-06 08:09:33.545000
1381;64.95;59429;64.9;35793;64.95;500;2013-08-06 08:09:33.545000
1382;64.95;59429;64.9;35793;64.95;1808;2013-08-06 08:09:33.551000
1383;64.95;59429;64.9;35793;64.95;76;2013-08-06 08:09:33.552000
1384;64.95;59429;64.9;35793;64.95;800;2013-08-06 08:09:33.552000
1385;64.95;59429;64.9;35793;64.95;800;2013-08-06 08:09:33.552000
1386;64.95;59429;64.9;35793;64.95;800;2013-08-06 08:09:33.552000
1387;64.95;59429;64.9;35793;64.95;700;2013-08-06 08:09:33.553000
1388;64.95;59429;64.9;35793;64.95;36;2013-08-06 08:09:33.555000
1389;64.95;59429;64.9;35793;64.95;164;2013-08-06 08:09:33.555000
1390;65.0;140288;64.9;39693;64.95;5;2013-08-06 08:09:33.557000
1391;65.0;140288;64.9;39693;64.95;400;2013-08-06 08:09:33.558000
1392;65.0;140288;64.9;39693;64.95;231;2013-08-06 08:09:33.558000
1393;64.95;2846;64.9;43995;64.95;500;2013-08-06 08:09:33.675000
1394;64.95;954;64.9;37223;64.95;200;2013-08-06 08:09:35.026000
1395;64.95;954;64.9;37223;64.95;15;2013-08-06 08:09:35.026000
1396;64.95;954;64.9;37223;64.95;19;2013-08-06 08:09:35.026000
1397;64.95;954;64.9;37223;64.95;720;2013-08-06 08:09:35.026000
1398;65.0;117472;64.95;800;64.95;27;2013-08-06 08:09:35.191000
1399;65.0;119363;64.95;2473;65.0;2;2013-08-06 08:09:35.958000
1400;65.0;119363;64.95;2473;65.0;100;2013-08-06 08:09:35.958000
1401;65.0;119363;64.95;2473;65.0;100;2013-08-06 08:09:35.958000
1402;65.0;119363;64.95;2473;65.0;100;2013-08-06 08:09:35.958000
1403;65.0;119363;64.95;2473;65.0;98;2013-08-06 08:09:35.958000
1404;65.0;119363;64.95;2473;64.95;943;2013-08-06 08:09:35.958000
1405;65.0;117072;64.95;1030;64.95;1030;2013-08-06 08:09:36.964000
1406;65.0;119778;64.95;843;64.95;843;2013-08-06 08:09:37.595000
1407;65.0;119230;64.95;2618;64.95;800;2013-08-06 08:09:38.643000
1408;65.0;119230;64.95;2618;64.95;800;2013-08-06 08:09:38.643000
1409;65.0;119230;64.95;2618;64.95;18;2013-08-06 08:09:38.643000
1410;65.0;119230;64.95;2618;64.95;500;2013-08-06 08:09:38.647000
1411;65.0;119230;64.95;2618;64.95;200;2013-08-06 08:09:38.647000
1412;65.0;119230;64.95;2618;64.95;500;2013-08-06 08:09:38.647000
1413;65.0;119230;64.95;2618;64.95;500;2013-08-06 08:09:38.647000
1414;65.0;119230;64.95;2618;64.95;308;2013-08-06 08:09:38.647000
1415;65.0;119230;64.95;2618;64.95;486;2013-08-06 08:09:38.647000
1416;65.0;129687;64.9;42431;64.95;78;2013-08-06 08:09:39.088000
1417;65.0;129322;64.9;40071;64.95;33;2013-08-06 08:09:39.460000
1418;65.0;129322;64.9;40071;64.95;200;2013-08-06 08:09:39.460000
1419;65.0;127644;64.9;43158;64.9;2052;2013-08-06 08:09:44.777000
1420;65.0;127644;64.9;43158;64.9;700;2013-08-06 08:09:44.777000
1421;65.0;127644;64.9;43158;64.9;100;2013-08-06 08:09:44.777000
1422;65.0;127644;64.9;43158;64.9;500;2013-08-06 08:09:44.777000
1423;65.0;127644;64.9;43158;64.9;200;2013-08-06 08:09:44.777000
1424;65.0;127644;64.9;43158;64.9;888;2013-08-06 08:09:44.777000
1425;65.0;127644;64.9;43158;64.9;3036;2013-08-06 08:09:44.777000
1426;65.0;127644;64.9;43158;64.9;2524;2013-08-06 08:09:44.777000
1427;64.95;3983;64.9;30667;64.9;69;2013-08-06 08:09:50.894000
1428;64.95;3983;64.9;30667;64.9;2211;2013-08-06 08:09:50.894000
1429;64.95;3983;64.9;30667;64.9;196;2013-08-06 08:09:50.894000
1430;64.95;3983;64.9;30667;64.9;500;2013-08-06 08:09:50.894000
1431;64.95;3983;64.9;30667;64.9;500;2013-08-06 08:09:50.894000
1432;64.95;3983;64.9;30667;64.9;900;2013-08-06 08:09:50.894000
1433;64.95;3983;64.9;30667;64.9;500;2013-08-06 08:09:50.894000
1434;64.95;3983;64.9;30667;64.9;800;2013-08-06 08:09:50.894000
1435;64.95;3983;64.9;30667;64.9;500;2013-08-06 08:09:50.894000
1436;64.95;3983;64.9;30667;64.9;2000;2013-08-06 08:09:50.894000
1437;64.95;3983;64.9;30667;64.9;800;2013-08-06 08:09:50.894000
1438;64.95;3983;64.9;30667;64.9;500;2013-08-06 08:09:50.894000
1439;64.95;3983;64.9;30667;64.9;524;2013-08-06 08:09:50.894000
1440;64.95;9383;64.9;26064;64.9;390;2013-08-06 08:09:55.575000
1441;64.95;9383;64.9;26064;64.9;1152;2013-08-06 08:09:55.575000
1442;64.95;9383;64.9;26064;64.9;996;2013-08-06 08:09:55.575000
1443;64.95;9383;64.9;26064;64.9;5;2013-08-06 08:09:55.575000
1444;64.95;9383;64.9;26064;64.9;3689;2013-08-06 08:09:55.575000
1445;64.95;9383;64.9;26064;64.9;240;2013-08-06 08:09:55.575000
1446;64.95;9383;64.9;26064;64.9;500;2013-08-06 08:09:55.575000
1447;64.95;9383;64.9;26064;64.9;500;2013-08-06 08:09:55.575000
1448;64.95;9383;64.9;26064;64.9;500;2013-08-06 08:09:55.575000
1449;64.95;9383;64.9;26064;64.9;900;2013-08-06 08:09:55.575000
1450;64.95;9383;64.9;26064;64.9;147;2013-08-06 08:09:55.575000
1451;64.95;9383;64.9;26064;64.9;200;2013-08-06 08:09:55.575000
1452;64.95;9383;64.9;26064;64.9;182;2013-08-06 08:09:55.575000
1453;64.95;9383;64.9;26064;64.9;271;2013-08-06 08:09:55.575000
1454;64.95;9383;64.9;26064;64.9;328;2013-08-06 08:09:55.575000
1455;64.95;10503;64.9;18894;64.9;829;2013-08-06 08:10:00.454000
1456;64.95;10503;64.9;18894;64.9;1368;2013-08-06 08:10:00.454000
1457;64.95;10503;64.9;18894;64.9;510;2013-08-06 08:10:00.454000
1458;64.95;10503;64.9;18894;64.9;800;2013-08-06 08:10:00.454000
1459;64.95;10503;64.9;18894;64.9;1000;2013-08-06 08:10:00.454000
1460;64.95;10503;64.9;18894;64.9;1000;2013-08-06 08:10:00.454000
1461;64.95;10503;64.9;18894;64.9;1166;2013-08-06 08:10:00.454000
1462;64.95;10503;64.9;18894;64.9;2057;2013-08-06 08:10:00.454000
1463;64.95;10503;64.9;18894;64.9;200;2013-08-06 08:10:00.454000
1464;64.95;10503;64.9;18894;64.9;435;2013-08-06 08:10:00.454000
1465;64.95;10503;64.9;18894;64.9;282;2013-08-06 08:10:00.454000
1466;64.95;10503;64.9;18894;64.9;353;2013-08-06 08:10:00.454000
1467;64.95;12130;64.9;15107;64.9;996;2013-08-06 08:10:07.054000
1468;64.95;12130;64.9;15107;64.9;987;2013-08-06 08:10:07.054000
1469;64.95;12130;64.9;15107;64.9;237;2013-08-06 08:10:07.054000
1470;64.95;12130;64.9;15107;64.9;147;2013-08-06 08:10:07.054000
1471;64.95;12130;64.9;15107;64.9;182;2013-08-06 08:10:07.054000
1472;64.95;12130;64.9;15107;64.9;271;2013-08-06 08:10:07.054000
1473;64.95;12130;64.9;15107;64.9;200;2013-08-06 08:10:07.054000
1474;64.95;12130;64.9;15107;64.9;2252;2013-08-06 08:10:07.054000
1475;64.95;12130;64.9;15107;64.9;675;2013-08-06 08:10:07.054000
1476;64.95;12130;64.9;15107;64.9;790;2013-08-06 08:10:07.054000
1477;64.95;12130;64.9;15107;64.9;1500;2013-08-06 08:10:07.054000
1478;64.95;12130;64.9;15107;64.9;1700;2013-08-06 08:10:07.054000
1479;64.95;12130;64.9;15107;64.9;63;2013-08-06 08:10:07.054000
1480;64.95;15784;64.9;1667;64.9;867;2013-08-06 08:10:07.069000
1481;64.95;15784;64.9;867;64.9;300;2013-08-06 08:10:07.082000
1482;64.95;15784;64.9;867;64.9;1900;2013-08-06 08:10:07.082000
1483;64.95;15784;64.9;867;64.9;800;2013-08-06 08:10:07.082000
1484;64.95;15784;64.9;867;64.9;500;2013-08-06 08:10:07.082000
1485;64.95;15784;64.9;867;64.9;867;2013-08-06 08:10:07.082000
1486;64.95;15784;64.9;867;64.9;1000;2013-08-06 08:10:07.082000
1487;64.95;15784;64.9;867;64.9;500;2013-08-06 08:10:07.082000
1488;64.95;15784;64.9;867;64.9;800;2013-08-06 08:10:07.082000
1489;64.95;15784;64.9;867;64.9;500;2013-08-06 08:10:07.082000
1490;64.95;15784;64.9;867;64.9;200;2013-08-06 08:10:07.082000
1491;64.95;15784;64.9;867;64.9;300;2013-08-06 08:10:07.082000
1492;64.95;15784;64.9;867;64.9;351;2013-08-06 08:10:07.083000
1493;64.95;15784;64.9;867;64.9;449;2013-08-06 08:10:07.083000
1494;64.9;7167;64.85;19781;64.9;18;2013-08-06 08:10:07.093000
1495;64.9;7167;64.85;19781;64.9;54;2013-08-06 08:10:07.093000
1496;64.9;7167;64.85;19781;64.9;800;2013-08-06 08:10:07.093000
1497;64.9;7167;64.85;19781;64.9;1000;2013-08-06 08:10:07.095000
1498;64.9;7367;64.85;24581;64.9;1937;2013-08-06 08:10:07.097000
1499;64.9;7367;64.85;24581;64.9;500;2013-08-06 08:10:07.097000
1500;64.95;27129;64.9;4430;64.95;181;2013-08-06 08:10:13.713000
1501;64.95;25534;64.9;6430;64.9;500;2013-08-06 08:10:15.527000
1502;64.95;25534;64.9;6430;64.9;200;2013-08-06 08:10:15.527000
1503;64.95;25534;64.9;6430;64.9;800;2013-08-06 08:10:15.527000
1504;64.95;25534;64.9;6430;64.9;800;2013-08-06 08:10:15.527000
1505;64.95;25534;64.9;6430;64.9;700;2013-08-06 08:10:15.527000
1506;64.95;25534;64.9;6430;64.9;930;2013-08-06 08:10:15.527000
1507;64.95;25534;64.9;6430;64.9;500;2013-08-06 08:10:15.527000
1508;64.95;25534;64.9;6430;64.9;800;2013-08-06 08:10:15.527000
1509;64.95;25534;64.9;6430;64.9;1200;2013-08-06 08:10:15.527000
1510;64.95;25534;64.9;6430;64.9;800;2013-08-06 08:10:15.528000
1511;64.95;25534;64.9;6430;64.9;170;2013-08-06 08:10:15.528000
1512;64.95;25534;64.9;6430;64.9;800;2013-08-06 08:10:15.528000
1513;64.95;25534;64.9;6430;64.9;545;2013-08-06 08:10:15.528000
1514;64.95;25534;64.9;6430;64.9;200;2013-08-06 08:10:15.528000
1515;64.95;26590;64.9;800;64.9;500;2013-08-06 08:10:15.555000
1516;64.95;33095;64.85;35680;64.95;19;2013-08-06 08:10:22.409000
1517;64.95;33095;64.85;35680;64.95;500;2013-08-06 08:10:22.409000
1518;64.95;33095;64.85;35680;64.95;181;2013-08-06 08:10:22.409000
1519;64.95;31181;64.85;35166;64.85;150;2013-08-06 08:10:28.601000
1520;64.9;3900;64.85;19905;64.9;800;2013-08-06 08:10:48.105000
1521;64.9;1200;64.85;25466;64.9;1200;2013-08-06 08:10:48.498000
1522;64.95;29050;64.85;25577;64.9;600;2013-08-06 08:11:12.371000
1523;64.95;29050;64.85;25577;64.9;1362;2013-08-06 08:11:12.371000
1524;64.95;29050;64.85;25577;64.9;200;2013-08-06 08:11:12.371000
1525;64.95;29050;64.85;25577;64.9;500;2013-08-06 08:11:12.371000
1526;64.95;29050;64.85;25577;64.9;500;2013-08-06 08:11:12.371000
1527;64.95;16163;64.9;24167;64.8;42000;2013-08-06 08:12:10
1528;64.95;16350;64.9;25105;64.95;101;2013-08-06 08:13:07.969000
1529;64.95;16249;64.9;28893;64.9;1379;2013-08-06 08:13:08.538000
1530;64.95;16249;64.9;28893;64.9;500;2013-08-06 08:13:08.538000
1531;64.95;16249;64.9;28893;64.9;500;2013-08-06 08:13:08.538000
1532;64.95;16249;64.9;28893;64.9;200;2013-08-06 08:13:08.538000
1533;64.95;16249;64.9;28893;64.9;500;2013-08-06 08:13:08.538000
1534;64.95;16249;64.9;28893;64.9;1921;2013-08-06 08:13:08.538000
1535;64.95;17715;64.9;25437;64.9;511;2013-08-06 08:13:14.267000
1536;64.95;17715;64.9;25437;64.9;800;2013-08-06 08:13:14.267000
1537;64.95;17715;64.9;25437;64.9;800;2013-08-06 08:13:14.267000
1538;64.95;17715;64.9;25437;64.9;800;2013-08-06 08:13:14.267000
1539;64.95;17715;64.9;25437;64.9;1000;2013-08-06 08:13:14.267000
1540;64.95;17715;64.9;25437;64.9;186;2013-08-06 08:13:14.267000
1541;64.95;17715;64.9;25437;64.9;917;2013-08-06 08:13:14.267000
1542;64.95;17715;64.9;25437;64.9;2000;2013-08-06 08:13:14.267000
1543;64.95;17715;64.9;25437;64.9;736;2013-08-06 08:13:14.267000
1544;64.95;17715;64.9;14149;64.9;75;2013-08-06 08:13:37.413000
1545;64.95;17715;64.9;13200;64.95;50;2013-08-06 08:13:47.997000
1546;64.95;17665;64.9;13200;64.95;468;2013-08-06 08:14:00.282000
1547;64.95;17665;64.9;13200;64.95;800;2013-08-06 08:14:00.282000
1548;64.95;17665;64.9;13200;64.95;80;2013-08-06 08:14:00.282000
1549;64.95;17665;64.9;13200;64.95;2000;2013-08-06 08:14:00.282000
1550;64.95;17665;64.9;13200;64.95;500;2013-08-06 08:14:00.282000
1551;64.95;17665;64.9;13200;64.95;500;2013-08-06 08:14:00.282000
1552;64.95;17665;64.9;13200;64.95;640;2013-08-06 08:14:00.282000
1553;64.95;17665;64.9;13200;64.95;388;2013-08-06 08:14:00.282000
1554;64.95;17665;64.9;13200;64.95;1624;2013-08-06 08:14:00.282000
1555;64.95;17665;64.9;13200;64.95;376;2013-08-06 08:14:00.289000
1556;64.95;17665;64.9;13200;64.95;1200;2013-08-06 08:14:00.289000
1557;64.95;17665;64.9;13200;64.95;160;2013-08-06 08:14:00.289000
1558;64.95;17665;64.9;13200;64.95;373;2013-08-06 08:14:00.289000
1559;64.95;17665;64.9;13200;64.95;366;2013-08-06 08:14:00.289000
1560;64.95;17665;64.9;13200;64.95;791;2013-08-06 08:14:00.289000
1561;64.95;17665;64.9;13200;64.95;135;2013-08-06 08:14:00.289000
1562;64.95;17665;64.9;13200;64.95;2500;2013-08-06 08:14:00.289000
1563;64.95;17665;64.9;13200;64.95;74;2013-08-06 08:14:00.289000
1564;64.95;17665;64.9;13200;64.95;70;2013-08-06 08:14:00.289000
1565;64.95;17665;64.9;13200;64.95;69;2013-08-06 08:14:00.289000
1566;64.95;17665;64.9;13200;64.95;85;2013-08-06 08:14:00.289000
1567;64.95;17665;64.9;13200;64.95;200;2013-08-06 08:14:00.289000
1568;64.95;17665;64.9;13200;64.95;1266;2013-08-06 08:14:00.289000
1569;64.95;17665;64.9;13200;64.95;800;2013-08-06 08:14:00.289000
1570;64.95;17665;64.9;13200;64.95;640;2013-08-06 08:14:00.289000
1571;64.95;17665;64.9;13200;64.95;98;2013-08-06 08:14:00.290000
1572;64.95;17665;64.9;13200;64.95;502;2013-08-06 08:14:00.290000
1573;64.95;17665;64.9;13200;64.95;800;2013-08-06 08:14:00.290000
1574;64.95;17665;64.9;13200;64.95;5708;2013-08-06 08:14:00.290000
1575;64.95;17665;64.9;13200;64.95;2000;2013-08-06 08:14:00.290000
1576;64.95;12905;64.9;16897;64.95;800;2013-08-06 08:14:00.305000
1577;64.95;12905;64.9;16897;64.95;300;2013-08-06 08:14:00.305000
1578;64.95;12905;64.9;16897;64.95;160;2013-08-06 08:14:00.305000
1579;64.95;12905;64.9;16897;64.95;640;2013-08-06 08:14:00.305000
1580;64.95;12905;64.9;16897;64.95;200;2013-08-06 08:14:00.305000
